%YAML 1.1
%TAG !u! tag:unity3d.com,2011:
--- !u!29 &1
OcclusionCullingSettings:
  m_ObjectHideFlags: 0
  serializedVersion: 2
  m_OcclusionBakeSettings:
    smallestOccluder: 5
    smallestHole: 0.25
    backfaceThreshold: 100
  m_SceneGUID: 00000000000000000000000000000000
  m_OcclusionCullingData: {fileID: 0}
--- !u!104 &2
RenderSettings:
  m_ObjectHideFlags: 0
  serializedVersion: 7
  m_Fog: 0
  m_FogColor: {r: 0.5, g: 0.5, b: 0.5, a: 1}
  m_FogMode: 3
  m_FogDensity: 0.01
  m_LinearFogStart: 0
  m_LinearFogEnd: 300
  m_AmbientSkyColor: {r: 0.212, g: 0.227, b: 0.259, a: 1}
  m_AmbientEquatorColor: {r: 0.114, g: 0.125, b: 0.133, a: 1}
  m_AmbientGroundColor: {r: 0.047, g: 0.043, b: 0.035, a: 1}
  m_AmbientIntensity: 1
  m_AmbientMode: 3
  m_SkyboxMaterial: {fileID: 0}
  m_HaloStrength: 0.5
  m_FlareStrength: 1
  m_FlareFadeSpeed: 3
  m_HaloTexture: {fileID: 0}
  m_SpotCookie: {fileID: 10001, guid: 0000000000000000e000000000000000, type: 0}
  m_DefaultReflectionMode: 0
  m_DefaultReflectionResolution: 128
  m_ReflectionBounces: 1
  m_ReflectionIntensity: 1
  m_CustomReflection: {fileID: 0}
  m_Sun: {fileID: 0}
  m_IndirectSpecularColor: {r: 0, g: 0, b: 0, a: 1}
--- !u!157 &3
LightmapSettings:
  m_ObjectHideFlags: 0
  serializedVersion: 7
  m_GIWorkflowMode: 1
  m_GISettings:
    serializedVersion: 2
    m_BounceScale: 1
    m_IndirectOutputScale: 1
    m_AlbedoBoost: 1
    m_TemporalCoherenceThreshold: 1
    m_EnvironmentLightingMode: 0
    m_EnableBakedLightmaps: 0
    m_EnableRealtimeLightmaps: 0
  m_LightmapEditorSettings:
    serializedVersion: 4
    m_Resolution: 2
    m_BakeResolution: 40
    m_TextureWidth: 1024
    m_TextureHeight: 1024
    m_AO: 0
    m_AOMaxDistance: 1
    m_CompAOExponent: 1
    m_CompAOExponentDirect: 0
    m_Padding: 2
    m_LightmapParameters: {fileID: 0}
    m_LightmapsBakeMode: 1
    m_TextureCompression: 1
    m_DirectLightInLightProbes: 1
    m_FinalGather: 0
    m_FinalGatherFiltering: 1
    m_FinalGatherRayCount: 256
    m_ReflectionCompression: 2
  m_LightingDataAsset: {fileID: 0}
  m_RuntimeCPUUsage: 25
--- !u!196 &4
NavMeshSettings:
  serializedVersion: 2
  m_ObjectHideFlags: 0
  m_BuildSettings:
    serializedVersion: 2
    agentTypeID: 0
    agentRadius: 0.5
    agentHeight: 2
    agentSlope: 45
    agentClimb: 0.4
    ledgeDropHeight: 0
    maxJumpAcrossDistance: 0
    minRegionArea: 2
    manualCellSize: 0
    cellSize: 0.16666667
    accuratePlacement: 0
  m_NavMeshData: {fileID: 0}
--- !u!1 &5881131
GameObject:
  m_ObjectHideFlags: 0
  m_PrefabParentObject: {fileID: 0}
  m_PrefabInternal: {fileID: 0}
  serializedVersion: 5
  m_Component:
  - component: {fileID: 5881132}
  - component: {fileID: 5881135}
  - component: {fileID: 5881134}
  - component: {fileID: 5881133}
  m_Layer: 0
  m_Name: 5
  m_TagString: Untagged
  m_Icon: {fileID: 0}
  m_NavMeshLayer: 0
  m_StaticEditorFlags: 0
  m_IsActive: 1
--- !u!4 &5881132
Transform:
  m_ObjectHideFlags: 0
  m_PrefabParentObject: {fileID: 0}
  m_PrefabInternal: {fileID: 0}
  m_GameObject: {fileID: 5881131}
  m_LocalRotation: {x: -0, y: -0, z: -0, w: 1}
  m_LocalPosition: {x: -29.61, y: 45.62, z: 0}
  m_LocalScale: {x: 1, y: 1, z: 1}
  m_Children: []
  m_Father: {fileID: 474496230}
  m_RootOrder: 4
  m_LocalEulerAnglesHint: {x: 0, y: 0, z: 0}
--- !u!114 &5881133
MonoBehaviour:
  m_ObjectHideFlags: 0
  m_PrefabParentObject: {fileID: 0}
  m_PrefabInternal: {fileID: 0}
  m_GameObject: {fileID: 5881131}
  m_Enabled: 1
  m_EditorHideFlags: 0
  m_Script: {fileID: 11500000, guid: b8375e0cc1a8f0e4a84eaa2afe403db4, type: 3}
  m_Name: 
  m_EditorClassIdentifier: 
  _sprite: {fileID: 5881135}
--- !u!60 &5881134
PolygonCollider2D:
  m_ObjectHideFlags: 0
  m_PrefabParentObject: {fileID: 0}
  m_PrefabInternal: {fileID: 0}
  m_GameObject: {fileID: 5881131}
  m_Enabled: 1
  m_Density: 1
  m_Material: {fileID: 0}
  m_IsTrigger: 0
  m_UsedByEffector: 0
  m_Offset: {x: 0, y: 0}
  m_Points:
    m_Paths:
    - - {x: 2.5058734, y: -18.33411}
      - {x: 2.601033, y: -18.302391}
      - {x: 2.601033, y: -18.207232}
      - {x: 2.5058734, y: -18.175512}
      - {x: 2.4424336, y: -18.23895}
    - - {x: 2.4424336, y: -18.175512}
      - {x: 2.4107137, y: -18.080353}
      - {x: 2.2203941, y: -17.985191}
      - {x: 2.601033, y: -17.636272}
      - {x: 2.9499521, y: -17.477673}
      - {x: 3.6160703, y: -17.477673}
      - {x: 4.091869, y: -17.604553}
      - {x: 4.6945477, y: -18.302391}
      - {x: 5.3923855, y: -17.953472}
      - {x: 5.7730246, y: -17.699713}
      - {x: 5.9316244, y: -17.541113}
      - {x: 5.963344, y: -16.874994}
      - {x: 5.9950643, y: -15.669639}
      - {x: 6.058504, y: -15.225559}
      - {x: 6.248823, y: -15.03524}
      - {x: 6.2805433, y: -14.9718}
      - {x: 5.9950643, y: -14.84492}
      - {x: 6.090224, y: -13.798163}
      - {x: 6.1536636, y: -13.893323}
      - {x: 6.6294622, y: -13.671284}
      - {x: 11.387449, y: -10.784771}
      - {x: 11.672929, y: -10.626172}
      - {x: 12.5293665, y: -11.16541}
      - {x: 13.290645, y: -11.577769}
      - {x: 13.480964, y: -11.641209}
      - {x: 13.766443, y: -11.419169}
      - {x: 14.496001, y: -11.768088}
      - {x: 15.257279, y: -12.180448}
      - {x: 15.637918, y: -11.958408}
      - {x: 17.541113, y: -10.879931}
      - {x: 18.93679, y: -10.086933}
      - {x: 19.12711, y: -9.896614}
      - {x: 19.28571, y: -9.325655}
      - {x: 19.761507, y: -8.976736}
      - {x: 19.729788, y: -8.6912565}
      - {x: 19.666348, y: -8.088578}
      - {x: 19.920107, y: -7.54934}
      - {x: 20.332466, y: -7.136981}
      - {x: 20.808264, y: -6.9783816}
      - {x: 21.252344, y: -6.9466615}
      - {x: 21.759863, y: -7.105261}
      - {x: 22.23566, y: -7.54934}
      - {x: 22.4577, y: -7.9934187}
      - {x: 22.55286, y: -7.9934187}
      - {x: 22.80662, y: -7.866539}
      - {x: 23.409298, y: -7.51762}
      - {x: 23.599617, y: -7.35902}
      - {x: 23.758217, y: -6.5977426}
      - {x: 23.599617, y: -6.5343027}
      - {x: 23.631336, y: -5.4241056}
      - {x: 23.694777, y: -5.265506}
      - {x: 23.694777, y: -5.0434666}
      - {x: 23.567898, y: -4.916587}
      - {x: 23.599617, y: -3.8698297}
      - {x: 23.885096, y: -3.9015496}
      - {x: 24.107136, y: -3.74295}
      - {x: 24.234016, y: -3.5209107}
      - {x: 24.551214, y: -3.3623111}
      - {x: 26.35925, y: -2.315554}
      - {x: 26.42269, y: -2.2203941}
      - {x: 26.42269, y: -1.7128755}
      - {x: 26.35925, y: -1.6494356}
      - {x: 25.978611, y: -1.5859958}
      - {x: 25.217333, y: -1.141917}
      - {x: 24.519495, y: -0.72955805}
      - {x: 23.282417, y: -0.031719916}
      - {x: 23.12382, y: 0}
      - {x: 22.23566, y: -0.50751865}
      - {x: 22.07706, y: -0.47579873}
      - {x: 22.07706, y: 0.9198775}
      - {x: 21.823301, y: 1.1736369}
      - {x: 21.759863, y: 1.2687967}
      - {x: 21.347504, y: 1.3956763}
      - {x: 20.808264, y: 1.5542759}
      - {x: 20.491066, y: 1.7445954}
      - {x: 19.888388, y: 2.0300746}
      - {x: 19.380869, y: 2.3789937}
      - {x: 18.77819, y: 2.6644728}
      - {x: 18.33411, y: 2.4741535}
      - {x: 18.33411, y: 8.278898}
      - {x: 18.302391, y: 8.374058}
      - {x: 17.509394, y: 8.818136}
      - {x: 17.001875, y: 9.071896}
      - {x: 15.764798, y: 9.738014}
      - {x: 15.1304, y: 10.213813}
      - {x: 14.654601, y: 10.435852}
      - {x: 14.147082, y: 10.531012}
      - {x: 13.956763, y: 10.531012}
      - {x: 12.592807, y: 9.706294}
      - {x: 12.434207, y: 9.547694}
      - {x: 12.243887, y: 9.738014}
      - {x: 12.243887, y: 13.068605}
      - {x: 12.180448, y: 13.132045}
      - {x: 12.148727, y: 13.132045}
      - {x: 11.958408, y: 13.195485}
      - {x: 11.641209, y: 13.322365}
      - {x: 10.816491, y: 13.798163}
      - {x: 9.547694, y: 14.527721}
      - {x: 9.484255, y: 14.527721}
      - {x: 9.103616, y: 14.305682}
      - {x: 7.0418215, y: 13.100326}
      - {x: 6.7246222, y: 13.068605}
      - {x: 6.6294622, y: 13.036885}
      - {x: 6.6294622, y: 12.687966}
      - {x: 6.6611824, y: 9.4208145}
      - {x: 6.5343027, y: 9.135336}
      - {x: 6.1219435, y: 9.389095}
      - {x: 5.614425, y: 9.674574}
      - {x: 5.614425, y: 10.245533}
      - {x: 5.582705, y: 11.736369}
      - {x: 5.582705, y: 12.307327}
      - {x: 5.5509853, y: 12.339047}
      - {x: 5.5509853, y: 18.112072}
      - {x: 5.360666, y: 18.302391}
      - {x: 5.1069064, y: 18.49271}
      - {x: 4.7579875, y: 18.71475}
      - {x: 3.9967093, y: 19.06367}
      - {x: 3.2671514, y: 19.476028}
      - {x: 2.6961927, y: 19.824947}
      - {x: 1.490836, y: 20.459345}
      - {x: 0.8881576, y: 20.744825}
      - {x: 0.6978381, y: 20.776545}
      - {x: -0.12687966, y: 20.776545}
      - {x: -0.5709585, y: 20.649666}
      - {x: -1.0784771, y: 20.364185}
      - {x: -1.5542759, y: 19.983547}
      - {x: -2.1252344, y: 19.476028}
      - {x: -2.569313, y: 18.96851}
      - {x: -2.632753, y: 18.841629}
      - {x: -2.632753, y: 14.527721}
      - {x: -3.0768318, y: 14.115362}
      - {x: -3.74295, y: 13.766443}
      - {x: -4.7262673, y: 13.227204}
      - {x: -5.741305, y: 12.751406}
      - {x: -6.058504, y: 12.561087}
      - {x: -6.5343027, y: 12.370767}
      - {x: -7.4859, y: 12.941726}
      - {x: -8.310617, y: 13.417524}
      - {x: -8.818136, y: 13.798163}
      - {x: -9.198775, y: 14.020203}
      - {x: -9.642855, y: 14.1788025}
      - {x: -9.991774, y: 14.527721}
      - {x: -10.499292, y: 14.71804}
      - {x: -11.546049, y: 14.686321}
      - {x: -12.180448, y: 14.527721}
      - {x: -12.592807, y: 14.273962}
      - {x: -13.195485, y: 13.798163}
      - {x: -13.893323, y: 13.100326}
      - {x: -14.147082, y: 12.814846}
      - {x: -14.1788025, y: 12.7196865}
      - {x: -14.1788025, y: 7.35902}
      - {x: -14.147082, y: 7.35902}
      - {x: -14.210522, y: 6.5025826}
      - {x: -14.210522, y: 5.7730246}
      - {x: -14.1788025, y: 3.71123}
      - {x: -14.147082, y: 2.8865123}
      - {x: -14.686321, y: 2.601033}
      - {x: -15.09868, y: 2.3789937}
      - {x: -15.09868, y: 5.646145}
      - {x: -15.06696, y: 5.677865}
      - {x: -15.06696, y: 5.7730246}
      - {x: -15.09868, y: 5.8047447}
      - {x: -15.09868, y: 8.913297}
      - {x: -15.06696, y: 8.945016}
      - {x: -15.00352, y: 10.213813}
      - {x: -15.1304, y: 10.562732}
      - {x: -15.542759, y: 10.594452}
      - {x: -15.986837, y: 10.753052}
      - {x: -17.033594, y: 11.35573}
      - {x: -18.49271, y: 12.180448}
      - {x: -18.61959, y: 12.212168}
      - {x: -19.539469, y: 11.704649}
      - {x: -20.491066, y: 11.16541}
      - {x: -21.030304, y: 10.879931}
      - {x: -21.950182, y: 10.308972}
      - {x: -22.87006, y: 9.769734}
      - {x: -23.377577, y: 9.452535}
      - {x: -23.663057, y: 9.230495}
      - {x: -23.948536, y: 8.976736}
      - {x: -23.980257, y: 8.881577}
      - {x: -23.980257, y: -0.4123589}
      - {x: -23.885096, y: -0.5392386}
      - {x: -22.838339, y: -1.1736369}
      - {x: -22.64802, y: -1.2053568}
      - {x: -22.23566, y: -1.522556}
      - {x: -22.108782, y: -1.6177157}
      - {x: -21.696423, y: -1.7445954}
      - {x: -21.696423, y: -3.3305912}
      - {x: -21.664701, y: -3.3623111}
      - {x: -21.664701, y: -5.8047447}
      - {x: -21.632982, y: -6.312263}
      - {x: -21.569542, y: -6.375703}
      - {x: -21.442663, y: -6.343983}
      - {x: -20.871704, y: -5.9316244}
      - {x: -17.763153, y: -7.7396593}
      - {x: -17.255634, y: -7.9934187}
      - {x: -16.748116, y: -7.866539}
      - {x: -16.684675, y: -8.183738}
      - {x: -16.621235, y: -8.247178}
      - {x: -16.240597, y: -8.247178}
      - {x: -15.923398, y: -8.469217}
      - {x: -15.574478, y: -8.437497}
      - {x: -13.512684, y: -9.547694}
      - {x: -13.322365, y: -9.547694}
      - {x: -13.195485, y: -9.515975}
      - {x: -13.100326, y: -9.4208145}
      - {x: -13.100326, y: -9.357375}
      - {x: -13.132045, y: -7.866539}
      - {x: -13.163765, y: -6.248823}
      - {x: -12.434207, y: -5.8047447}
      - {x: -9.896614, y: -4.3139086}
      - {x: -9.674574, y: -4.472508}
      - {x: -8.849856, y: -4.9800267}
      - {x: -7.51762, y: -5.7095847}
      - {x: -7.136981, y: -5.9950643}
      - {x: -6.8832216, y: -5.9950643}
      - {x: -6.8832216, y: -11.514329}
      - {x: -6.819782, y: -11.641209}
      - {x: -6.343983, y: -11.768088}
      - {x: -6.1219435, y: -11.609489}
      - {x: -3.9967093, y: -10.308972}
      - {x: -3.67951, y: -10.3406925}
      - {x: -2.315554, y: -11.133691}
      - {x: -1.871475, y: -11.387449}
      - {x: -1.5542759, y: -11.672929}
      - {x: -1.3322364, y: -11.609489}
      - {x: -1.3005165, y: -18.23895}
      - {x: -1.2687967, y: -18.302391}
      - {x: -1.2053568, y: -18.302391}
      - {x: -0.6661182, y: -18.016912}
      - {x: 0.6661182, y: -17.287354}
      - {x: 2.0300746, y: -18.080353}
      - {x: 2.3789937, y: -18.23895}
    - - {x: -14.654601, y: 2.8230724}
      - {x: -14.559442, y: 2.8547924}
      - {x: -14.559442, y: 2.9499521}
      - {x: -14.654601, y: 2.981672}
      - {x: -14.71804, y: 2.9182322}
    - - {x: 6.5343027, y: 9.738014}
      - {x: 6.5025826, y: 9.706294}
      - {x: 6.407423, y: 9.357375}
      - {x: 6.407423, y: 9.198775}
      - {x: 6.5025826, y: 9.167055}
      - {x: 6.6294622, y: 9.167055}
      - {x: 6.6611824, y: 9.198775}
      - {x: 6.6611824, y: 9.674574}
      - {x: 6.6294622, y: 9.738014}
    - - {x: -15.03524, y: 9.452535}
      - {x: -14.9718, y: 9.389095}
      - {x: -14.87664, y: 9.4208145}
      - {x: -14.87664, y: 9.547694}
      - {x: -14.940081, y: 9.611135}
      - {x: -15.03524, y: 9.579414}
    - - {x: -14.369122, y: 9.833174}
      - {x: -14.273962, y: 9.864894}
      - {x: -14.273962, y: 9.960053}
      - {x: -14.369122, y: 9.991774}
      - {x: -14.432562, y: 9.928333}
--- !u!212 &5881135
SpriteRenderer:
  m_ObjectHideFlags: 0
  m_PrefabParentObject: {fileID: 0}
  m_PrefabInternal: {fileID: 0}
  m_GameObject: {fileID: 5881131}
  m_Enabled: 1
  m_CastShadows: 0
  m_ReceiveShadows: 0
  m_MotionVectors: 1
  m_LightProbeUsage: 0
  m_ReflectionProbeUsage: 0
  m_Materials:
  - {fileID: 10754, guid: 0000000000000000f000000000000000, type: 0}
  m_StaticBatchInfo:
    firstSubMesh: 0
    subMeshCount: 0
  m_StaticBatchRoot: {fileID: 0}
  m_ProbeAnchor: {fileID: 0}
  m_LightProbeVolumeOverride: {fileID: 0}
  m_ScaleInLightmap: 1
  m_PreserveUVs: 0
  m_IgnoreNormalsForChartDetection: 0
  m_ImportantGI: 0
  m_SelectedEditorRenderState: 0
  m_MinimumChartSize: 4
  m_AutoUVMaxDistance: 0.5
  m_AutoUVMaxAngle: 89
  m_LightmapParameters: {fileID: 0}
  m_SortingLayerID: 0
  m_SortingOrder: -3
  m_Sprite: {fileID: 21300000, guid: e9b0c67e27c515147bbb10f50e24d2d8, type: 3}
  m_Color: {r: 0.15686275, g: 0.15686275, b: 0.15686275, a: 0}
  m_FlipX: 0
  m_FlipY: 0
--- !u!1 &16294623
GameObject:
  m_ObjectHideFlags: 0
  m_PrefabParentObject: {fileID: 0}
  m_PrefabInternal: {fileID: 0}
  serializedVersion: 5
  m_Component:
  - component: {fileID: 16294624}
  - component: {fileID: 16294627}
  - component: {fileID: 16294625}
  - component: {fileID: 16294626}
  m_Layer: 0
  m_Name: 4
  m_TagString: Untagged
  m_Icon: {fileID: 0}
  m_NavMeshLayer: 0
  m_StaticEditorFlags: 0
  m_IsActive: 1
--- !u!4 &16294624
Transform:
  m_ObjectHideFlags: 0
  m_PrefabParentObject: {fileID: 0}
  m_PrefabInternal: {fileID: 0}
  m_GameObject: {fileID: 16294623}
  m_LocalRotation: {x: -0, y: -0, z: -0, w: 1}
  m_LocalPosition: {x: -57.08, y: 27.44, z: 0}
  m_LocalScale: {x: 1, y: 1, z: 1}
  m_Children: []
  m_Father: {fileID: 474496230}
  m_RootOrder: 3
  m_LocalEulerAnglesHint: {x: 0, y: 0, z: 0}
--- !u!114 &16294625
MonoBehaviour:
  m_ObjectHideFlags: 0
  m_PrefabParentObject: {fileID: 0}
  m_PrefabInternal: {fileID: 0}
  m_GameObject: {fileID: 16294623}
  m_Enabled: 1
  m_EditorHideFlags: 0
  m_Script: {fileID: 11500000, guid: b8375e0cc1a8f0e4a84eaa2afe403db4, type: 3}
  m_Name: 
  m_EditorClassIdentifier: 
  _sprite: {fileID: 16294627}
--- !u!60 &16294626
PolygonCollider2D:
  m_ObjectHideFlags: 0
  m_PrefabParentObject: {fileID: 0}
  m_PrefabInternal: {fileID: 0}
  m_GameObject: {fileID: 16294623}
  m_Enabled: 1
  m_Density: 1
  m_Material: {fileID: 0}
  m_IsTrigger: 0
  m_UsedByEffector: 0
  m_Offset: {x: 0, y: 0}
  m_Points:
    m_Paths:
    - - {x: 3.9332695, y: -16.272316}
      - {x: 4.0284295, y: -16.177156}
      - {x: 4.0284295, y: -16.113718}
      - {x: 3.9967093, y: -15.384159}
      - {x: 4.0284295, y: -15.384159}
      - {x: 4.060149, y: -15.06696}
      - {x: 4.2504687, y: -14.71804}
      - {x: 4.631108, y: -14.337401}
      - {x: 4.948307, y: -14.1788025}
      - {x: 5.677865, y: -14.1788025}
      - {x: 6.1219435, y: -14.369122}
      - {x: 6.5343027, y: -14.749761}
      - {x: 6.5977426, y: -14.749761}
      - {x: 7.7396593, y: -14.115362}
      - {x: 8.310617, y: -13.766443}
      - {x: 8.469217, y: -13.639564}
      - {x: 8.500937, y: -13.354084}
      - {x: 8.500937, y: -12.021848}
      - {x: 8.532658, y: -11.9901285}
      - {x: 8.532658, y: -10.594452}
      - {x: 8.564377, y: -10.562732}
      - {x: 8.564377, y: -10.308972}
      - {x: 12.148727, y: -8.310617}
      - {x: 12.402487, y: -8.310617}
      - {x: 12.973446, y: -8.627817}
      - {x: 13.607843, y: -9.008456}
      - {x: 13.861603, y: -9.071896}
      - {x: 14.210522, y: -8.786417}
      - {x: 14.686321, y: -8.627817}
      - {x: 15.384159, y: -8.786417}
      - {x: 16.050278, y: -9.230495}
      - {x: 16.145437, y: -9.230495}
      - {x: 17.350794, y: -8.596097}
      - {x: 17.794872, y: -8.310617}
      - {x: 18.77819, y: -7.7396593}
      - {x: 19.412588, y: -7.1687007}
      - {x: 19.28571, y: -6.5660224}
      - {x: 19.28571, y: -6.1853833}
      - {x: 19.698067, y: -5.582705}
      - {x: 20.205585, y: -5.265506}
      - {x: 20.649666, y: -5.138626}
      - {x: 21.030304, y: -5.1703463}
      - {x: 21.601263, y: -5.4875455}
      - {x: 21.981901, y: -5.8364644}
      - {x: 22.045341, y: -5.8364644}
      - {x: 22.2991, y: -5.7095847}
      - {x: 23.821657, y: -4.8214273}
      - {x: 24.297455, y: -4.535948}
      - {x: 24.392614, y: -4.409068}
      - {x: 24.392614, y: -3.1085517}
      - {x: 24.360895, y: -3.0768318}
      - {x: 24.360895, y: -1.3639563}
      - {x: 25.217333, y: -0.8881576}
      - {x: 26.07377, y: -0.380639}
      - {x: 26.23237, y: -0.31719917}
      - {x: 26.29581, y: -0.1903195}
      - {x: 26.29581, y: -0.09515975}
      - {x: 26.26409, y: -0.09515975}
      - {x: 26.26409, y: 6.5343027}
      - {x: 26.23237, y: 6.6294622}
      - {x: 25.946892, y: 6.6294622}
      - {x: 25.375933, y: 6.9783816}
      - {x: 23.726498, y: 7.929979}
      - {x: 23.536177, y: 7.9934187}
      - {x: 22.87006, y: 7.6445}
      - {x: 21.284063, y: 6.7246222}
      - {x: 21.030304, y: 6.5660224}
      - {x: 20.681385, y: 6.5977426}
      - {x: 20.681385, y: 12.212168}
      - {x: 20.617945, y: 12.275607}
      - {x: 20.554504, y: 12.275607}
      - {x: 20.269026, y: 12.307327}
      - {x: 20.173866, y: 12.402487}
      - {x: 17.826593, y: 13.766443}
      - {x: 17.541113, y: 13.893323}
      - {x: 17.414234, y: 13.893323}
      - {x: 16.494356, y: 13.385804}
      - {x: 15.289, y: 12.687966}
      - {x: 14.591161, y: 12.275607}
      - {x: 14.305682, y: 12.117008}
      - {x: 14.147082, y: 11.958408}
      - {x: 14.115362, y: 11.514329}
      - {x: 14.115362, y: 9.262216}
      - {x: 14.147082, y: 8.849856}
      - {x: 14.051923, y: 8.818136}
      - {x: 14.083643, y: 8.659537}
      - {x: 13.766443, y: 8.786417}
      - {x: 13.163765, y: 9.135336}
      - {x: 12.751406, y: 9.357375}
      - {x: 12.117008, y: 9.579414}
      - {x: 11.863249, y: 9.833174}
      - {x: 11.514329, y: 9.833174}
      - {x: 11.22885, y: 9.991774}
      - {x: 10.848211, y: 9.960053}
      - {x: 10.816491, y: 10.245533}
      - {x: 10.753052, y: 10.308972}
      - {x: 10.245533, y: 10.308972}
      - {x: 10.118653, y: 10.277252}
      - {x: 9.864894, y: 10.435852}
      - {x: 9.484255, y: 10.657891}
      - {x: 8.152019, y: 11.419169}
      - {x: 7.1687007, y: 11.9901285}
      - {x: 6.692902, y: 12.243887}
      - {x: 6.5660224, y: 12.307327}
      - {x: 6.090224, y: 12.021848}
      - {x: 5.8681846, y: 11.863249}
      - {x: 5.8681846, y: 16.081997}
      - {x: 5.9316244, y: 16.208878}
      - {x: 5.9316244, y: 16.367476}
      - {x: 5.8047447, y: 16.526075}
      - {x: 5.4875455, y: 16.526075}
      - {x: 4.916587, y: 17.033594}
      - {x: 4.5993876, y: 17.128754}
      - {x: 4.1553087, y: 17.414234}
      - {x: 3.457471, y: 17.763153}
      - {x: 3.2354314, y: 17.921753}
      - {x: 2.8230724, y: 18.112072}
      - {x: 2.4107137, y: 18.365831}
      - {x: 2.252114, y: 18.46099}
      - {x: 1.7128755, y: 18.74647}
      - {x: 1.2370768, y: 18.96851}
      - {x: 1.2370768, y: 25.597971}
      - {x: 1.1736369, y: 25.661411}
      - {x: 1.1101971, y: 25.661411}
      - {x: 1.0150373, y: 25.597971}
      - {x: 0.5709585, y: 26.07377}
      - {x: 0.28547925, y: 26.23237}
      - {x: 0.09515975, y: 26.26409}
      - {x: -0.380639, y: 26.35925}
      - {x: -0.6026784, y: 26.517849}
      - {x: -1.141917, y: 26.80333}
      - {x: -1.2370768, y: 26.835049}
      - {x: -1.9983547, y: 27.564606}
      - {x: -2.252114, y: 27.564606}
      - {x: -2.601033, y: 26.961927}
      - {x: -3.425751, y: 26.48613}
      - {x: -5.677865, y: 25.185614}
      - {x: -6.2805433, y: 24.836695}
      - {x: -6.9466615, y: 24.456055}
      - {x: -7.58106, y: 24.392614}
      - {x: -7.6127796, y: 24.329176}
      - {x: -7.6127796, y: 21.601263}
      - {x: -7.35902, y: 21.252344}
      - {x: -7.3273005, y: 21.125463}
      - {x: -7.2955804, y: 20.269026}
      - {x: -7.3273005, y: 20.237307}
      - {x: -7.3273005, y: 18.270672}
      - {x: -7.3907404, y: 18.270672}
      - {x: -7.42246, y: 17.667994}
      - {x: -7.7396593, y: 17.826593}
      - {x: -8.564377, y: 18.302391}
      - {x: -9.579414, y: 18.841629}
      - {x: -9.801454, y: 19.000229}
      - {x: -10.753052, y: 19.03195}
      - {x: -11.03853, y: 18.93679}
      - {x: -11.29229, y: 18.841629}
      - {x: -11.704649, y: 18.65131}
      - {x: -11.894968, y: 18.524431}
      - {x: -12.339047, y: 18.175512}
      - {x: -13.132045, y: 17.382513}
      - {x: -13.385804, y: 17.065315}
      - {x: -13.385804, y: 11.26057}
      - {x: -13.354084, y: 11.22885}
      - {x: -13.354084, y: 6.6611824}
      - {x: -13.829884, y: 6.8832216}
      - {x: -14.242242, y: 7.1687007}
      - {x: -14.622881, y: 7.3907404}
      - {x: -15.1304, y: 7.6762195}
      - {x: -15.415879, y: 7.929979}
      - {x: -16.113718, y: 8.025139}
      - {x: -16.748116, y: 7.9934187}
      - {x: -17.160475, y: 7.8348193}
      - {x: -17.414234, y: 7.7396593}
      - {x: -18.080353, y: 7.2638607}
      - {x: -18.87335, y: 6.5025826}
      - {x: -19.19055, y: 6.1219435}
      - {x: -19.22227, y: 6.026784}
      - {x: -19.22227, y: 2.4107137}
      - {x: -19.539469, y: 2.252114}
      - {x: -19.920107, y: 2.0300746}
      - {x: -21.632982, y: 1.0467572}
      - {x: -22.203941, y: 0.72955805}
      - {x: -22.42598, y: 0.85643774}
      - {x: -23.028658, y: 0.8881576}
      - {x: -23.441017, y: 0.6978381}
      - {x: -23.821657, y: 0.31719917}
      - {x: -23.916817, y: 0.09515975}
      - {x: -23.980257, y: -0.12687966}
      - {x: -24.202295, y: -0.4440788}
      - {x: -24.646374, y: -0.6978381}
      - {x: -25.693132, y: -1.3005165}
      - {x: -26.13721, y: -1.5859958}
      - {x: -26.13721, y: -1.7128755}
      - {x: -26.10549, y: -1.7763152}
      - {x: -25.661411, y: -1.9983547}
      - {x: -23.250698, y: -3.394031}
      - {x: -20.998585, y: -4.6945477}
      - {x: -20.173866, y: -5.1703463}
      - {x: -19.793228, y: -5.3923855}
      - {x: -18.74647, y: -5.9950643}
      - {x: -17.160475, y: -6.914942}
      - {x: -14.400842, y: -8.500937}
      - {x: -13.036885, y: -9.293935}
      - {x: -12.370767, y: -9.674574}
      - {x: -11.609489, y: -10.118653}
      - {x: -11.32401, y: -10.277252}
      - {x: -9.515975, y: -11.32401}
      - {x: -8.6912565, y: -11.7998085}
      - {x: -8.310617, y: -12.021848}
      - {x: -7.866539, y: -12.275607}
      - {x: -7.105261, y: -12.7196865}
      - {x: -5.677865, y: -13.544404}
      - {x: -4.409068, y: -14.273962}
      - {x: -3.74295, y: -14.654601}
      - {x: -2.9182322, y: -15.1304}
      - {x: -2.1569543, y: -15.574478}
      - {x: -0.72955805, y: -16.399197}
      - {x: -0.12687966, y: -16.748116}
      - {x: 1.4273962, y: -17.636272}
      - {x: 1.6177157, y: -17.636272}
      - {x: 2.0300746, y: -17.414234}
      - {x: 3.5526304, y: -16.526075}
      - {x: 3.77467, y: -16.272316}
    - - {x: 13.829884, y: 8.722977}
      - {x: 13.925043, y: 8.754697}
      - {x: 13.925043, y: 8.849856}
      - {x: 13.829884, y: 8.881577}
      - {x: 13.766443, y: 8.818136}
    - - {x: 13.988482, y: 9.198775}
      - {x: 13.956763, y: 9.103616}
      - {x: 13.956763, y: 8.881577}
      - {x: 13.988482, y: 8.849856}
      - {x: 14.051923, y: 8.849856}
      - {x: 14.147082, y: 8.945016}
      - {x: 14.147082, y: 9.167055}
      - {x: 14.083643, y: 9.230495}
    - - {x: 13.829884, y: 9.896614}
      - {x: 13.734723, y: 9.864894}
      - {x: 13.734723, y: 9.547694}
      - {x: 13.893323, y: 9.547694}
      - {x: 13.956763, y: 9.611135}
      - {x: 13.956763, y: 9.738014}
      - {x: 13.893323, y: 9.896614}
    - - {x: 13.385804, y: 10.213813}
      - {x: 13.195485, y: 9.960053}
      - {x: 13.195485, y: 9.642855}
      - {x: 13.4492445, y: 9.642855}
      - {x: 13.544404, y: 9.991774}
      - {x: 13.544404, y: 10.245533}
      - {x: 13.480964, y: 10.245533}
    - - {x: 12.085288, y: 10.118653}
      - {x: 11.9901285, y: 9.960053}
      - {x: 11.9901285, y: 9.801454}
      - {x: 12.053568, y: 9.769734}
      - {x: 12.148727, y: 9.769734}
      - {x: 12.212168, y: 9.801454}
      - {x: 12.307327, y: 10.055213}
      - {x: 12.243887, y: 10.118653}
    - - {x: 10.975091, y: 10.531012}
      - {x: 10.816491, y: 10.372413}
      - {x: 10.848211, y: 10.245533}
      - {x: 10.911651, y: 10.182093}
      - {x: 11.006811, y: 10.213813}
      - {x: 11.0702505, y: 10.3406925}
      - {x: 11.101971, y: 10.467572}
      - {x: 11.03853, y: 10.531012}
    - - {x: 13.512684, y: 10.943371}
      - {x: 13.4492445, y: 10.784771}
      - {x: 13.4492445, y: 10.689611}
      - {x: 13.512684, y: 10.626172}
      - {x: 13.607843, y: 10.657891}
      - {x: 13.671284, y: 10.848211}
      - {x: 13.671284, y: 10.911651}
      - {x: 13.607843, y: 10.975091}
    - - {x: 13.925043, y: 11.35573}
      - {x: 13.861603, y: 11.22885}
      - {x: 13.861603, y: 11.16541}
      - {x: 13.988482, y: 11.101971}
      - {x: 14.083643, y: 11.133691}
      - {x: 14.083643, y: 11.29229}
      - {x: 14.020203, y: 11.35573}
    - - {x: -7.7079396, y: 18.080353}
      - {x: -7.7079396, y: 18.016912}
      - {x: -7.6127796, y: 17.921753}
      - {x: -7.51762, y: 17.953472}
      - {x: -7.51762, y: 18.080353}
      - {x: -7.58106, y: 18.143791}
      - {x: -7.6445, y: 18.143791}
--- !u!212 &16294627
SpriteRenderer:
  m_ObjectHideFlags: 0
  m_PrefabParentObject: {fileID: 0}
  m_PrefabInternal: {fileID: 0}
  m_GameObject: {fileID: 16294623}
  m_Enabled: 1
  m_CastShadows: 0
  m_ReceiveShadows: 0
  m_MotionVectors: 1
  m_LightProbeUsage: 0
  m_ReflectionProbeUsage: 0
  m_Materials:
  - {fileID: 10754, guid: 0000000000000000f000000000000000, type: 0}
  m_StaticBatchInfo:
    firstSubMesh: 0
    subMeshCount: 0
  m_StaticBatchRoot: {fileID: 0}
  m_ProbeAnchor: {fileID: 0}
  m_LightProbeVolumeOverride: {fileID: 0}
  m_ScaleInLightmap: 1
  m_PreserveUVs: 0
  m_IgnoreNormalsForChartDetection: 0
  m_ImportantGI: 0
  m_SelectedEditorRenderState: 0
  m_MinimumChartSize: 4
  m_AutoUVMaxDistance: 0.5
  m_AutoUVMaxAngle: 89
  m_LightmapParameters: {fileID: 0}
  m_SortingLayerID: 0
  m_SortingOrder: 0
  m_Sprite: {fileID: 21300000, guid: 597a4855ceaf074418ac410f54415be8, type: 3}
  m_Color: {r: 0.15686275, g: 0.15686275, b: 0.15686275, a: 0}
  m_FlipX: 0
  m_FlipY: 0
--- !u!1 &187603361
GameObject:
  m_ObjectHideFlags: 0
  m_PrefabParentObject: {fileID: 0}
  m_PrefabInternal: {fileID: 0}
  serializedVersion: 5
  m_Component:
  - component: {fileID: 187603362}
  m_Layer: 0
  m_Name: Low Layer
  m_TagString: Untagged
  m_Icon: {fileID: 0}
  m_NavMeshLayer: 0
  m_StaticEditorFlags: 0
  m_IsActive: 1
--- !u!4 &187603362
Transform:
  m_ObjectHideFlags: 0
  m_PrefabParentObject: {fileID: 0}
  m_PrefabInternal: {fileID: 0}
  m_GameObject: {fileID: 187603361}
  m_LocalRotation: {x: -0, y: -0, z: -0, w: 1}
  m_LocalPosition: {x: 1.233, y: -1.809, z: 0}
  m_LocalScale: {x: 0.1, y: 0.1, z: 1}
  m_Children:
  - {fileID: 791112551}
  - {fileID: 2135209135}
  - {fileID: 1998383947}
  - {fileID: 1503924257}
  - {fileID: 459897670}
  - {fileID: 1238905097}
  m_Father: {fileID: 0}
  m_RootOrder: 3
  m_LocalEulerAnglesHint: {x: 0, y: 0, z: 0}
--- !u!1 &459897667
GameObject:
  m_ObjectHideFlags: 0
  m_PrefabParentObject: {fileID: 0}
  m_PrefabInternal: {fileID: 0}
  serializedVersion: 5
  m_Component:
  - component: {fileID: 459897670}
  - component: {fileID: 459897669}
  m_Layer: 0
  m_Name: 1449_MjAyNW1vZHU
  m_TagString: Untagged
  m_Icon: {fileID: 0}
  m_NavMeshLayer: 0
  m_StaticEditorFlags: 0
  m_IsActive: 1
--- !u!212 &459897669
SpriteRenderer:
  m_ObjectHideFlags: 0
  m_PrefabParentObject: {fileID: 0}
  m_PrefabInternal: {fileID: 0}
  m_GameObject: {fileID: 459897667}
  m_Enabled: 1
  m_CastShadows: 0
  m_ReceiveShadows: 0
  m_MotionVectors: 1
  m_LightProbeUsage: 0
  m_ReflectionProbeUsage: 0
  m_Materials:
  - {fileID: 10754, guid: 0000000000000000f000000000000000, type: 0}
  m_StaticBatchInfo:
    firstSubMesh: 0
    subMeshCount: 0
  m_StaticBatchRoot: {fileID: 0}
  m_ProbeAnchor: {fileID: 0}
  m_LightProbeVolumeOverride: {fileID: 0}
  m_ScaleInLightmap: 1
  m_PreserveUVs: 0
  m_IgnoreNormalsForChartDetection: 0
  m_ImportantGI: 0
  m_SelectedEditorRenderState: 0
  m_MinimumChartSize: 4
  m_AutoUVMaxDistance: 0.5
  m_AutoUVMaxAngle: 89
  m_LightmapParameters: {fileID: 0}
  m_SortingLayerID: 0
  m_SortingOrder: -5
  m_Sprite: {fileID: 21300000, guid: 20a1c0d0139498f44a34d66b5fe4b7de, type: 3}
  m_Color: {r: 1, g: 1, b: 1, a: 1}
  m_FlipX: 0
  m_FlipY: 0
--- !u!4 &459897670
Transform:
  m_ObjectHideFlags: 0
  m_PrefabParentObject: {fileID: 0}
  m_PrefabInternal: {fileID: 0}
  m_GameObject: {fileID: 459897667}
  m_LocalRotation: {x: -0, y: -0, z: -0, w: 1}
  m_LocalPosition: {x: -27.5, y: 15.2, z: 0}
  m_LocalScale: {x: 1.22, y: 1.22, z: 1}
  m_Children: []
  m_Father: {fileID: 187603362}
  m_RootOrder: 4
  m_LocalEulerAnglesHint: {x: 0, y: 0, z: 0}
--- !u!1 &474496229
GameObject:
  m_ObjectHideFlags: 0
  m_PrefabParentObject: {fileID: 0}
  m_PrefabInternal: {fileID: 0}
  serializedVersion: 5
  m_Component:
  - component: {fileID: 474496230}
  m_Layer: 0
  m_Name: Mask
  m_TagString: Untagged
  m_Icon: {fileID: 0}
  m_NavMeshLayer: 0
  m_StaticEditorFlags: 0
  m_IsActive: 1
--- !u!4 &474496230
Transform:
  m_ObjectHideFlags: 0
  m_PrefabParentObject: {fileID: 0}
  m_PrefabInternal: {fileID: 0}
  m_GameObject: {fileID: 474496229}
  m_LocalRotation: {x: -0, y: -0, z: -0, w: 1}
  m_LocalPosition: {x: 1.233, y: -1.809, z: 0}
  m_LocalScale: {x: 0.1, y: 0.1, z: 1}
  m_Children:
  - {fileID: 2107588308}
  - {fileID: 1781647327}
  - {fileID: 773888611}
  - {fileID: 16294624}
  - {fileID: 5881132}
  - {fileID: 1299907816}
  m_Father: {fileID: 0}
  m_RootOrder: 2
  m_LocalEulerAnglesHint: {x: 0, y: 0, z: 0}
--- !u!1 &669574552
GameObject:
  m_ObjectHideFlags: 0
  m_PrefabParentObject: {fileID: 0}
  m_PrefabInternal: {fileID: 0}
  serializedVersion: 5
  m_Component:
  - component: {fileID: 669574555}
  - component: {fileID: 669574554}
  - component: {fileID: 669574553}
  - component: {fileID: 669574556}
  m_Layer: 9
  m_Name: bird_fourth1
  m_TagString: Untagged
  m_Icon: {fileID: 0}
  m_NavMeshLayer: 0
  m_StaticEditorFlags: 0
  m_IsActive: 1
--- !u!114 &669574553
MonoBehaviour:
  m_ObjectHideFlags: 0
  m_PrefabParentObject: {fileID: 0}
  m_PrefabInternal: {fileID: 0}
  m_GameObject: {fileID: 669574552}
  m_Enabled: 1
  m_EditorHideFlags: 0
  m_Script: {fileID: 11500000, guid: 8fd9afa3cfb9c3f4ab9e8bfccf4fa005, type: 3}
  m_Name: 
  m_EditorClassIdentifier: 
  _sprite: {fileID: 669574554}
  _point1X: 0
  _point1Y: 0
  _point2X: -4.18
  _point2Y: 1.69
  _point3X: -1.64
  _point3Y: 3.05
  _point4X: 3.78
  _point4Y: -0.214
--- !u!212 &669574554
SpriteRenderer:
  m_ObjectHideFlags: 0
  m_PrefabParentObject: {fileID: 0}
  m_PrefabInternal: {fileID: 0}
  m_GameObject: {fileID: 669574552}
  m_Enabled: 1
  m_CastShadows: 0
  m_ReceiveShadows: 0
  m_MotionVectors: 1
  m_LightProbeUsage: 0
  m_ReflectionProbeUsage: 0
  m_Materials:
  - {fileID: 10754, guid: 0000000000000000f000000000000000, type: 0}
  m_StaticBatchInfo:
    firstSubMesh: 0
    subMeshCount: 0
  m_StaticBatchRoot: {fileID: 0}
  m_ProbeAnchor: {fileID: 0}
  m_LightProbeVolumeOverride: {fileID: 0}
  m_ScaleInLightmap: 1
  m_PreserveUVs: 0
  m_IgnoreNormalsForChartDetection: 0
  m_ImportantGI: 0
  m_SelectedEditorRenderState: 0
  m_MinimumChartSize: 4
  m_AutoUVMaxDistance: 0.5
  m_AutoUVMaxAngle: 89
  m_LightmapParameters: {fileID: 0}
  m_SortingLayerID: 0
  m_SortingOrder: -4
  m_Sprite: {fileID: 21300000, guid: 12e54936dd38a429dbb66aabb7bc818b, type: 3}
  m_Color: {r: 1, g: 1, b: 1, a: 1}
  m_FlipX: 0
  m_FlipY: 0
--- !u!4 &669574555
Transform:
  m_ObjectHideFlags: 0
  m_PrefabParentObject: {fileID: 0}
  m_PrefabInternal: {fileID: 0}
  m_GameObject: {fileID: 669574552}
  m_LocalRotation: {x: -0, y: -0, z: -0, w: 1}
  m_LocalPosition: {x: 1.19, y: -2.36, z: 0}
  m_LocalScale: {x: -0.3, y: 0.3, z: 1}
  m_Children: []
  m_Father: {fileID: 0}
  m_RootOrder: 1
  m_LocalEulerAnglesHint: {x: 0, y: 0, z: 0}
--- !u!60 &669574556
PolygonCollider2D:
  m_ObjectHideFlags: 0
  m_PrefabParentObject: {fileID: 0}
  m_PrefabInternal: {fileID: 0}
  m_GameObject: {fileID: 669574552}
  m_Enabled: 1
  m_Density: 1
  m_Material: {fileID: 0}
  m_IsTrigger: 0
  m_UsedByEffector: 0
  m_Offset: {x: 0, y: 0}
  m_Points:
    m_Paths:
    - - {x: 1.155, y: -0.965}
      - {x: 1.245, y: -0.955}
      - {x: 1.305, y: -0.905}
      - {x: 1.3149999, y: -0.85499996}
      - {x: 1.235, y: -0.72499996}
      - {x: 1.395, y: -0.715}
      - {x: 1.405, y: -0.705}
      - {x: 1.405, y: -0.565}
      - {x: 1.3349999, y: -0.45499998}
      - {x: 1.245, y: -0.33499998}
      - {x: 1.275, y: -0.24499999}
      - {x: 1.285, y: -0.035}
      - {x: 1.225, y: 0.225}
      - {x: 1.145, y: 0.36499998}
      - {x: 1.035, y: 0.53499997}
      - {x: 0.875, y: 0.685}
      - {x: 1.0649999, y: 0.805}
      - {x: 1.0749999, y: 0.84499997}
      - {x: 1.045, y: 0.895}
      - {x: 0.91499996, y: 0.91499996}
      - {x: 0.85499996, y: 0.91499996}
      - {x: 0.97499996, y: 1.035}
      - {x: 0.945, y: 1.115}
      - {x: 0.765, y: 1.115}
      - {x: 0.645, y: 1.095}
      - {x: 0.465, y: 1.005}
      - {x: 0.225, y: 0.85499996}
      - {x: 0.095, y: 0.835}
      - {x: -0.085, y: 0.78499997}
      - {x: -0.255, y: 0.705}
      - {x: -0.435, y: 0.575}
      - {x: -0.60499996, y: 0.405}
      - {x: -0.655, y: 0.315}
      - {x: -0.72499996, y: 0.185}
      - {x: -0.775, y: -0.125}
      - {x: -0.885, y: -0.13499999}
      - {x: -1.055, y: -0.185}
      - {x: -1.1949999, y: -0.21499999}
      - {x: -1.385, y: -0.325}
      - {x: -1.3349999, y: -0.435}
      - {x: -1.405, y: -0.515}
      - {x: -1.405, y: -0.575}
      - {x: -1.355, y: -0.60499996}
      - {x: -1.265, y: -0.705}
      - {x: -1.165, y: -0.765}
      - {x: -0.825, y: -0.865}
      - {x: -0.525, y: -0.935}
      - {x: -0.21499999, y: -0.945}
      - {x: -0.114999995, y: -0.995}
      - {x: 0.085, y: -1.055}
      - {x: 0.21499999, y: -1.0649999}
      - {x: 0.545, y: -1.0649999}
      - {x: 0.635, y: -1.055}
      - {x: 0.92499995, y: -0.935}
      - {x: 1.025, y: -0.97499996}
--- !u!1 &773888610
GameObject:
  m_ObjectHideFlags: 0
  m_PrefabParentObject: {fileID: 0}
  m_PrefabInternal: {fileID: 0}
  serializedVersion: 5
  m_Component:
  - component: {fileID: 773888611}
  - component: {fileID: 773888614}
  - component: {fileID: 773888613}
  - component: {fileID: 773888612}
  m_Layer: 0
  m_Name: 3
  m_TagString: Untagged
  m_Icon: {fileID: 0}
  m_NavMeshLayer: 0
  m_StaticEditorFlags: 0
  m_IsActive: 1
--- !u!4 &773888611
Transform:
  m_ObjectHideFlags: 0
  m_PrefabParentObject: {fileID: 0}
  m_PrefabInternal: {fileID: 0}
  m_GameObject: {fileID: 773888610}
  m_LocalRotation: {x: -0, y: -0, z: -0, w: 1}
  m_LocalPosition: {x: -0.15, y: 25.22, z: 0}
  m_LocalScale: {x: 1, y: 1, z: 1}
  m_Children: []
  m_Father: {fileID: 474496230}
  m_RootOrder: 2
  m_LocalEulerAnglesHint: {x: 0, y: 0, z: 0}
--- !u!60 &773888612
PolygonCollider2D:
  m_ObjectHideFlags: 0
  m_PrefabParentObject: {fileID: 0}
  m_PrefabInternal: {fileID: 0}
  m_GameObject: {fileID: 773888610}
  m_Enabled: 1
  m_Density: 1
  m_Material: {fileID: 0}
  m_IsTrigger: 0
  m_UsedByEffector: 0
  m_Offset: {x: 0, y: 0}
  m_Points:
    m_Paths:
    - - {x: -3.8063898, y: -10.182093}
      - {x: -2.981672, y: -9.738014}
      - {x: -2.601033, y: -9.579414}
      - {x: -1.4273962, y: -8.881577}
      - {x: -1.2687967, y: -8.849856}
      - {x: -0.031719916, y: -9.547694}
      - {x: 0.47579873, y: -9.833174}
      - {x: 1.141917, y: -10.308972}
      - {x: 1.3322364, y: -10.245533}
      - {x: 1.3005165, y: -12.275607}
      - {x: 1.3639563, y: -12.339047}
      - {x: 1.6811556, y: -12.243887}
      - {x: 4.504228, y: -10.657891}
      - {x: 4.567668, y: -10.721332}
      - {x: 5.233786, y: -11.101971}
      - {x: 5.519265, y: -11.16541}
      - {x: 5.741305, y: -10.975091}
      - {x: 5.8999043, y: -11.101971}
      - {x: 6.248823, y: -10.848211}
      - {x: 6.470863, y: -10.848211}
      - {x: 6.819782, y: -10.531012}
      - {x: 6.819782, y: -10.435852}
      - {x: 6.692902, y: -10.3406925}
      - {x: 6.692902, y: -9.515975}
      - {x: 6.8832216, y: -9.642855}
      - {x: 7.200421, y: -9.452535}
      - {x: 7.136981, y: -9.325655}
      - {x: 6.692902, y: -9.040176}
      - {x: 6.7246222, y: -8.183738}
      - {x: 6.914942, y: -7.8348193}
      - {x: 6.9783816, y: -7.35902}
      - {x: 7.136981, y: -6.6611824}
      - {x: 7.136981, y: -6.4391427}
      - {x: 7.866539, y: -6.058504}
      - {x: 9.960053, y: -4.916587}
      - {x: 10.562732, y: -5.297226}
      - {x: 11.006811, y: -5.4875455}
      - {x: 11.514329, y: -5.8364644}
      - {x: 12.275607, y: -6.312263}
      - {x: 12.402487, y: -6.5025826}
      - {x: 12.561087, y: -6.5025826}
      - {x: 12.751406, y: -6.407423}
      - {x: 12.751406, y: -7.7079396}
      - {x: 12.783126, y: -7.803099}
      - {x: 13.036885, y: -7.7396593}
      - {x: 13.2589245, y: -7.58106}
      - {x: 18.524431, y: -4.535948}
      - {x: 18.90507, y: -4.3139086}
      - {x: 18.96851, y: -4.2187486}
      - {x: 18.96851, y: -3.5526304}
      - {x: 18.93679, y: -2.0617945}
      - {x: 18.90507, y: -0.6026784}
      - {x: 19.888388, y: 0.34891906}
      - {x: 20.237307, y: 0.63439834}
      - {x: 20.808264, y: 0.9833174}
      - {x: 21.91846, y: 1.2053568}
      - {x: 22.07706, y: 1.141917}
      - {x: 23.028658, y: 0.8881576}
      - {x: 23.409298, y: 1.3639563}
      - {x: 23.377577, y: 1.7763152}
      - {x: 23.758217, y: 2.1886742}
      - {x: 23.789936, y: 2.252114}
      - {x: 23.789936, y: 2.3472738}
      - {x: 23.187258, y: 2.7596326}
      - {x: 23.155539, y: 6.6611824}
      - {x: 23.092098, y: 6.7246222}
      - {x: 23.028658, y: 6.756342}
      - {x: 22.58458, y: 6.5977426}
      - {x: 22.39426, y: 6.756342}
      - {x: 21.188904, y: 7.4541802}
      - {x: 21.220623, y: 8.056859}
      - {x: 21.030304, y: 8.120298}
      - {x: 20.871704, y: 7.9934187}
      - {x: 20.237307, y: 7.9934187}
      - {x: 17.445953, y: 9.611135}
      - {x: 17.319075, y: 9.611135}
      - {x: 16.874994, y: 9.357375}
      - {x: 15.701358, y: 8.6912565}
      - {x: 14.813201, y: 8.215458}
      - {x: 14.305682, y: 8.437497}
      - {x: 14.305682, y: 11.926688}
      - {x: 14.242242, y: 12.021848}
      - {x: 13.734723, y: 11.768088}
      - {x: 13.480964, y: 12.021848}
      - {x: 12.307327, y: 12.7196865}
      - {x: 12.307327, y: 12.973446}
      - {x: 12.085288, y: 13.195485}
      - {x: 11.768088, y: 13.195485}
      - {x: 11.609489, y: 13.385804}
      - {x: 11.419169, y: 13.4492445}
      - {x: 11.22885, y: 13.290645}
      - {x: 10.689611, y: 13.607843}
      - {x: 9.706294, y: 14.1788025}
      - {x: 8.564377, y: 14.813201}
      - {x: 8.437497, y: 14.813201}
      - {x: 8.120298, y: 14.940081}
      - {x: 7.866539, y: 14.9083605}
      - {x: 7.4541802, y: 14.686321}
      - {x: 7.136981, y: 14.622881}
      - {x: 6.819782, y: 14.527721}
      - {x: 5.8999043, y: 13.893323}
      - {x: 5.741305, y: 13.829884}
      - {x: 5.614425, y: 13.766443}
      - {x: 5.614425, y: 14.87664}
      - {x: 5.677865, y: 15.03524}
      - {x: 5.677865, y: 16.208878}
      - {x: 5.614425, y: 16.938435}
      - {x: 5.5509853, y: 17.033594}
      - {x: 5.0434666, y: 16.811556}
      - {x: 4.7262673, y: 17.065315}
      - {x: 3.71123, y: 17.667994}
      - {x: 3.67951, y: 18.112072}
      - {x: 3.5843503, y: 18.270672}
      - {x: 2.8547924, y: 18.365831}
      - {x: 2.3472738, y: 18.429272}
      - {x: -0.09515975, y: 19.824947}
      - {x: -0.28547925, y: 19.824947}
      - {x: -0.5709585, y: 19.666348}
      - {x: -1.5859958, y: 19.095388}
      - {x: -2.7913525, y: 18.39755}
      - {x: -5.233786, y: 17.033594}
      - {x: -5.646145, y: 16.621235}
      - {x: -5.963344, y: 16.748116}
      - {x: -5.9950643, y: 16.652956}
      - {x: -5.9950643, y: 15.415879}
      - {x: -5.963344, y: 15.352439}
      - {x: -5.741305, y: 15.225559}
      - {x: -6.026784, y: 15.06696}
      - {x: -5.9950643, y: 13.766443}
      - {x: -6.1219435, y: 13.036885}
      - {x: -6.5343027, y: 12.814846}
      - {x: -6.9466615, y: 12.5293665}
      - {x: -7.136981, y: 12.973446}
      - {x: -7.58106, y: 13.354084}
      - {x: -7.929979, y: 13.512684}
      - {x: -8.183738, y: 13.576124}
      - {x: -8.659537, y: 13.576124}
      - {x: -9.008456, y: 13.512684}
      - {x: -9.389095, y: 13.290645}
      - {x: -9.769734, y: 12.878285}
      - {x: -9.991774, y: 12.307327}
      - {x: -9.960053, y: 11.704649}
      - {x: -9.896614, y: 11.48261}
      - {x: -10.372413, y: 11.133691}
      - {x: -10.467572, y: 10.848211}
      - {x: -10.435852, y: 10.499292}
      - {x: -10.816491, y: 10.308972}
      - {x: -13.132045, y: 8.976736}
      - {x: -14.051923, y: 8.437497}
      - {x: -14.432562, y: 8.469217}
      - {x: -15.320719, y: 8.976736}
      - {x: -15.574478, y: 9.103616}
      - {x: -15.669639, y: 9.103616}
      - {x: -15.923398, y: 8.849856}
      - {x: -16.652956, y: 9.262216}
      - {x: -17.763153, y: 9.864894}
      - {x: -17.890032, y: 9.896614}
      - {x: -19.698067, y: 8.849856}
      - {x: -22.90178, y: 7.0101013}
      - {x: -23.218979, y: 6.6294622}
      - {x: -23.504457, y: 6.756342}
      - {x: -23.567898, y: 6.756342}
      - {x: -23.631336, y: 6.692902}
      - {x: -23.631336, y: 5.4875455}
      - {x: -23.536177, y: 5.360666}
      - {x: -23.377577, y: 5.297226}
      - {x: -23.631336, y: 5.138626}
      - {x: -23.631336, y: 3.5209107}
      - {x: -23.726498, y: 2.8230724}
      - {x: -24.392614, y: 2.5058734}
      - {x: -24.836695, y: 2.1886742}
      - {x: -24.836695, y: 2.0617945}
      - {x: -24.678095, y: 1.2687967}
      - {x: -24.868414, y: 0.6661182}
      - {x: -25.058733, y: 0.50751865}
      - {x: -25.058733, y: -0.95159745}
      - {x: -24.963573, y: -1.1101971}
      - {x: -24.582935, y: -1.2370768}
      - {x: -23.092098, y: -0.31719917}
      - {x: -22.55286, y: 0.2220394}
      - {x: -22.33082, y: 0.28547925}
      - {x: -21.981901, y: 0.4123589}
      - {x: -21.379223, y: 0.31719917}
      - {x: -20.681385, y: -0.25375932}
      - {x: -20.427626, y: -0.8881576}
      - {x: -20.459345, y: -1.6177157}
      - {x: -20.142147, y: -1.8080351}
      - {x: -19.317429, y: -2.252114}
      - {x: -19.158829, y: -2.315554}
      - {x: -18.80991, y: -1.9666348}
      - {x: -18.143791, y: -1.6494356}
      - {x: -17.572834, y: -1.6494356}
      - {x: -17.065315, y: -1.871475}
      - {x: -16.589516, y: -2.4107137}
      - {x: -16.526075, y: -2.601033}
      - {x: -16.399197, y: -2.8547924}
      - {x: -16.430916, y: -3.3623111}
      - {x: -16.621235, y: -3.74295}
      - {x: -16.526075, y: -3.9332695}
      - {x: -15.447598, y: -4.4407883}
      - {x: -15.384159, y: -4.535948}
      - {x: -15.06696, y: -4.631108}
      - {x: -14.71804, y: -4.187029}
      - {x: -14.527721, y: -4.091869}
      - {x: -14.1788025, y: -3.9332695}
      - {x: -13.2589245, y: -4.091869}
      - {x: -13.132045, y: -4.187029}
      - {x: -12.814846, y: -4.535948}
      - {x: -12.465927, y: -5.4241056}
      - {x: -12.5293665, y: -5.8999043}
      - {x: -12.751406, y: -6.248823}
      - {x: -13.163765, y: -6.7246222}
      - {x: -13.195485, y: -7.866539}
      - {x: -12.846566, y: -8.120298}
      - {x: -12.434207, y: -7.961699}
      - {x: -11.48261, y: -7.3907404}
      - {x: -11.35573, y: -7.2321405}
      - {x: -11.26057, y: -6.756342}
      - {x: -10.657891, y: -6.312263}
      - {x: -10.499292, y: -6.1853833}
      - {x: -9.960053, y: -6.1536636}
      - {x: -9.515975, y: -6.248823}
      - {x: -9.135336, y: -6.470863}
      - {x: -8.786417, y: -6.851502}
      - {x: -8.627817, y: -7.42246}
      - {x: -8.596097, y: -7.803099}
      - {x: -8.786417, y: -8.405778}
      - {x: -8.722977, y: -8.500937}
      - {x: -7.6445, y: -9.103616}
      - {x: -6.8832216, y: -8.532658}
      - {x: -6.026784, y: -8.500937}
      - {x: -5.7095847, y: -8.627817}
      - {x: -5.202066, y: -9.071896}
      - {x: -5.0434666, y: -9.547694}
      - {x: -4.948307, y: -10.023494}
      - {x: -5.011747, y: -10.499292}
      - {x: -5.360666, y: -10.911651}
      - {x: -6.1536636, y: -11.32401}
      - {x: -6.248823, y: -11.419169}
      - {x: -6.248823, y: -11.831529}
      - {x: -6.2171035, y: -11.894968}
      - {x: -4.916587, y: -12.656246}
      - {x: -4.1553087, y: -13.068605}
      - {x: -4.060149, y: -13.036885}
      - {x: -4.0284295, y: -12.5293665}
      - {x: -3.9967093, y: -11.672929}
      - {x: -3.9649894, y: -10.689611}
    - - {x: 6.470863, y: 14.654601}
      - {x: 6.407423, y: 14.527721}
      - {x: 6.407423, y: 14.400842}
      - {x: 6.470863, y: 14.369122}
      - {x: 6.5343027, y: 14.369122}
      - {x: 6.6294622, y: 14.432562}
      - {x: 6.6294622, y: 14.654601}
    - - {x: 6.692902, y: 14.9718}
      - {x: 6.788062, y: 15.00352}
      - {x: 6.788062, y: 15.09868}
      - {x: 6.692902, y: 15.1304}
      - {x: 6.6294622, y: 15.06696}
    - - {x: 6.4391427, y: 15.289}
      - {x: 6.375703, y: 15.225559}
      - {x: 6.375703, y: 15.16212}
      - {x: 6.4391427, y: 15.09868}
      - {x: 6.5025826, y: 15.09868}
      - {x: 6.5660224, y: 15.16212}
      - {x: 6.5660224, y: 15.19384}
      - {x: 6.470863, y: 15.289}
    - - {x: 5.7730246, y: 15.511039}
      - {x: 5.7730246, y: 15.447598}
      - {x: 5.8681846, y: 15.289}
      - {x: 5.963344, y: 15.320719}
      - {x: 5.963344, y: 15.511039}
      - {x: 5.8999043, y: 15.574478}
      - {x: 5.8364644, y: 15.574478}
--- !u!114 &773888613
MonoBehaviour:
  m_ObjectHideFlags: 0
  m_PrefabParentObject: {fileID: 0}
  m_PrefabInternal: {fileID: 0}
  m_GameObject: {fileID: 773888610}
  m_Enabled: 1
  m_EditorHideFlags: 0
  m_Script: {fileID: 11500000, guid: b8375e0cc1a8f0e4a84eaa2afe403db4, type: 3}
  m_Name: 
  m_EditorClassIdentifier: 
  _sprite: {fileID: 773888614}
--- !u!212 &773888614
SpriteRenderer:
  m_ObjectHideFlags: 0
  m_PrefabParentObject: {fileID: 0}
  m_PrefabInternal: {fileID: 0}
  m_GameObject: {fileID: 773888610}
  m_Enabled: 1
  m_CastShadows: 0
  m_ReceiveShadows: 0
  m_MotionVectors: 1
  m_LightProbeUsage: 0
  m_ReflectionProbeUsage: 0
  m_Materials:
  - {fileID: 10754, guid: 0000000000000000f000000000000000, type: 0}
  m_StaticBatchInfo:
    firstSubMesh: 0
    subMeshCount: 0
  m_StaticBatchRoot: {fileID: 0}
  m_ProbeAnchor: {fileID: 0}
  m_LightProbeVolumeOverride: {fileID: 0}
  m_ScaleInLightmap: 1
  m_PreserveUVs: 0
  m_IgnoreNormalsForChartDetection: 0
  m_ImportantGI: 0
  m_SelectedEditorRenderState: 0
  m_MinimumChartSize: 4
  m_AutoUVMaxDistance: 0.5
  m_AutoUVMaxAngle: 89
  m_LightmapParameters: {fileID: 0}
  m_SortingLayerID: 0
  m_SortingOrder: -2
  m_Sprite: {fileID: 21300000, guid: ec86cfb738381fa4693065de869b6c56, type: 3}
  m_Color: {r: 0.15686275, g: 0.15686275, b: 0.15686275, a: 0}
  m_FlipX: 0
  m_FlipY: 0
--- !u!1 &791112548
GameObject:
  m_ObjectHideFlags: 0
  m_PrefabParentObject: {fileID: 0}
  m_PrefabInternal: {fileID: 0}
  serializedVersion: 5
  m_Component:
  - component: {fileID: 791112551}
  - component: {fileID: 791112550}
  m_Layer: 0
  m_Name: 2_MjExNm1vZHU
  m_TagString: Untagged
  m_Icon: {fileID: 0}
  m_NavMeshLayer: 0
  m_StaticEditorFlags: 0
  m_IsActive: 1
--- !u!212 &791112550
SpriteRenderer:
  m_ObjectHideFlags: 0
  m_PrefabParentObject: {fileID: 0}
  m_PrefabInternal: {fileID: 0}
  m_GameObject: {fileID: 791112548}
  m_Enabled: 1
  m_CastShadows: 0
  m_ReceiveShadows: 0
  m_MotionVectors: 1
  m_LightProbeUsage: 0
  m_ReflectionProbeUsage: 0
  m_Materials:
  - {fileID: 10754, guid: 0000000000000000f000000000000000, type: 0}
  m_StaticBatchInfo:
    firstSubMesh: 0
    subMeshCount: 0
  m_StaticBatchRoot: {fileID: 0}
  m_ProbeAnchor: {fileID: 0}
  m_LightProbeVolumeOverride: {fileID: 0}
  m_ScaleInLightmap: 1
  m_PreserveUVs: 0
  m_IgnoreNormalsForChartDetection: 0
  m_ImportantGI: 0
  m_SelectedEditorRenderState: 0
  m_MinimumChartSize: 4
  m_AutoUVMaxDistance: 0.5
  m_AutoUVMaxAngle: 89
  m_LightmapParameters: {fileID: 0}
  m_SortingLayerID: 0
  m_SortingOrder: -7
  m_Sprite: {fileID: 21300000, guid: d7c081cc821800d4f8cfcc14e8bff635, type: 3}
  m_Color: {r: 1, g: 1, b: 1, a: 1}
  m_FlipX: 0
  m_FlipY: 0
--- !u!4 &791112551
Transform:
  m_ObjectHideFlags: 0
  m_PrefabParentObject: {fileID: 0}
  m_PrefabInternal: {fileID: 0}
  m_GameObject: {fileID: 791112548}
  m_LocalRotation: {x: -0, y: -0, z: -0, w: 1}
  m_LocalPosition: {x: -28.8, y: 44.2, z: 0}
  m_LocalScale: {x: 1, y: 1, z: 1}
  m_Children: []
  m_Father: {fileID: 187603362}
  m_RootOrder: 0
  m_LocalEulerAnglesHint: {x: 0, y: 0, z: 0}
--- !u!1 &1238905094
GameObject:
  m_ObjectHideFlags: 0
  m_PrefabParentObject: {fileID: 0}
  m_PrefabInternal: {fileID: 0}
  serializedVersion: 5
  m_Component:
  - component: {fileID: 1238905097}
  - component: {fileID: 1238905096}
  m_Layer: 0
  m_Name: 4_MjExOG1vZHU
  m_TagString: Untagged
  m_Icon: {fileID: 0}
  m_NavMeshLayer: 0
  m_StaticEditorFlags: 0
  m_IsActive: 1
--- !u!212 &1238905096
SpriteRenderer:
  m_ObjectHideFlags: 0
  m_PrefabParentObject: {fileID: 0}
  m_PrefabInternal: {fileID: 0}
  m_GameObject: {fileID: 1238905094}
  m_Enabled: 1
  m_CastShadows: 0
  m_ReceiveShadows: 0
  m_MotionVectors: 1
  m_LightProbeUsage: 0
  m_ReflectionProbeUsage: 0
  m_Materials:
  - {fileID: 10754, guid: 0000000000000000f000000000000000, type: 0}
  m_StaticBatchInfo:
    firstSubMesh: 0
    subMeshCount: 0
  m_StaticBatchRoot: {fileID: 0}
  m_ProbeAnchor: {fileID: 0}
  m_LightProbeVolumeOverride: {fileID: 0}
  m_ScaleInLightmap: 1
  m_PreserveUVs: 0
  m_IgnoreNormalsForChartDetection: 0
  m_ImportantGI: 0
  m_SelectedEditorRenderState: 0
  m_MinimumChartSize: 4
  m_AutoUVMaxDistance: 0.5
  m_AutoUVMaxAngle: 89
  m_LightmapParameters: {fileID: 0}
  m_SortingLayerID: 0
  m_SortingOrder: -4
  m_Sprite: {fileID: 21300000, guid: 6957e3513b369fc42a846790750662d3, type: 3}
  m_Color: {r: 1, g: 1, b: 1, a: 1}
  m_FlipX: 0
  m_FlipY: 0
--- !u!4 &1238905097
Transform:
  m_ObjectHideFlags: 0
  m_PrefabParentObject: {fileID: 0}
  m_PrefabInternal: {fileID: 0}
  m_GameObject: {fileID: 1238905094}
  m_LocalRotation: {x: -0, y: -0, z: -0, w: 1}
  m_LocalPosition: {x: 0, y: 0, z: 0}
  m_LocalScale: {x: 1, y: 1, z: 1}
  m_Children: []
  m_Father: {fileID: 187603362}
  m_RootOrder: 5
  m_LocalEulerAnglesHint: {x: 0, y: 0, z: 0}
--- !u!1 &1299907815
GameObject:
  m_ObjectHideFlags: 0
  m_PrefabParentObject: {fileID: 0}
  m_PrefabInternal: {fileID: 0}
  serializedVersion: 5
  m_Component:
  - component: {fileID: 1299907816}
  - component: {fileID: 1299907819}
  - component: {fileID: 1299907818}
  - component: {fileID: 1299907817}
  m_Layer: 0
  m_Name: 4_MjExOG1vZHU
  m_TagString: Untagged
  m_Icon: {fileID: 0}
  m_NavMeshLayer: 0
  m_StaticEditorFlags: 0
  m_IsActive: 1
--- !u!4 &1299907816
Transform:
  m_ObjectHideFlags: 0
  m_PrefabParentObject: {fileID: 0}
  m_PrefabInternal: {fileID: 0}
  m_GameObject: {fileID: 1299907815}
  m_LocalRotation: {x: -0, y: -0, z: -0, w: 1}
  m_LocalPosition: {x: 0, y: 0, z: 0}
  m_LocalScale: {x: 1, y: 1, z: 1}
  m_Children: []
  m_Father: {fileID: 474496230}
  m_RootOrder: 5
  m_LocalEulerAnglesHint: {x: 0, y: 0, z: 0}
--- !u!114 &1299907817
MonoBehaviour:
  m_ObjectHideFlags: 0
  m_PrefabParentObject: {fileID: 0}
  m_PrefabInternal: {fileID: 0}
  m_GameObject: {fileID: 1299907815}
  m_Enabled: 1
  m_EditorHideFlags: 0
  m_Script: {fileID: 11500000, guid: b8375e0cc1a8f0e4a84eaa2afe403db4, type: 3}
  m_Name: 
  m_EditorClassIdentifier: 
  _sprite: {fileID: 1299907819}
--- !u!60 &1299907818
PolygonCollider2D:
  m_ObjectHideFlags: 0
  m_PrefabParentObject: {fileID: 0}
  m_PrefabInternal: {fileID: 0}
  m_GameObject: {fileID: 1299907815}
  m_Enabled: 1
  m_Density: 1
  m_Material: {fileID: 0}
  m_IsTrigger: 0
  m_UsedByEffector: 0
  m_Offset: {x: 0, y: 0}
  m_Points:
    m_Paths:
    - - {x: 2.981672, y: -20.142147}
      - {x: 3.5843503, y: -19.793228}
      - {x: 3.9649894, y: -19.571188}
      - {x: 4.409068, y: -19.317429}
      - {x: 5.011747, y: -18.96851}
      - {x: 5.3923855, y: -18.74647}
      - {x: 6.4391427, y: -18.143791}
      - {x: 7.866539, y: -17.319075}
      - {x: 11.9901285, y: -14.940081}
      - {x: 13.417524, y: -14.115362}
      - {x: 14.464281, y: -13.512684}
      - {x: 15.891678, y: -12.687966}
      - {x: 16.272316, y: -12.465927}
      - {x: 16.938435, y: -12.085288}
      - {x: 18.74647, y: -11.03853}
      - {x: 19.12711, y: -10.816491}
      - {x: 19.951826, y: -10.3406925}
      - {x: 20.998585, y: -9.738014}
      - {x: 22.87006, y: -8.659537}
      - {x: 23.250698, y: -8.437497}
      - {x: 23.853376, y: -8.088578}
      - {x: 24.297455, y: -7.8348193}
      - {x: 25.344213, y: -7.2321405}
      - {x: 26.48613, y: -6.5660224}
      - {x: 27.183968, y: -6.1536636}
      - {x: 27.183968, y: -6.026784}
      - {x: 26.835049, y: -5.8047447}
      - {x: 26.454409, y: -5.582705}
      - {x: 25.75657, y: -5.202066}
      - {x: 25.75657, y: -2.7279127}
      - {x: 25.85173, y: -2.632753}
      - {x: 25.85173, y: -2.5375934}
      - {x: 24.868414, y: -1.3005165}
      - {x: 24.646374, y: -1.0784771}
      - {x: 24.265736, y: -1.1101971}
      - {x: 23.853376, y: -1.141917}
      - {x: 23.504457, y: -1.1736369}
      - {x: 23.187258, y: -1.3322364}
      - {x: 22.80662, y: -1.5542759}
      - {x: 22.362541, y: -1.8080351}
      - {x: 21.981901, y: -2.0300746}
      - {x: 21.157185, y: -2.5375934}
      - {x: 20.903425, y: -2.3789937}
      - {x: 20.617945, y: -2.2203941}
      - {x: 19.856667, y: -1.7763152}
      - {x: 19.571188, y: -1.6494356}
      - {x: 19.571188, y: 0.50751865}
      - {x: 19.666348, y: 0.6026784}
      - {x: 19.666348, y: 0.6978381}
      - {x: 19.444307, y: 0.9833174}
      - {x: 18.87335, y: 1.7128755}
      - {x: 18.49271, y: 2.1252344}
      - {x: 18.048632, y: 2.1252344}
      - {x: 17.794872, y: 2.0935144}
      - {x: 17.382513, y: 2.0617945}
      - {x: 17.255634, y: 2.0300746}
      - {x: 16.240597, y: 1.4591161}
      - {x: 15.225559, y: 0.85643774}
      - {x: 15.06696, y: 0.9833174}
      - {x: 14.9083605, y: 1.0784771}
      - {x: 14.083643, y: 1.5542759}
      - {x: 13.639564, y: 1.8080351}
      - {x: 13.036885, y: 2.1569543}
      - {x: 12.656246, y: 2.3789937}
      - {x: 12.212168, y: 2.632753}
      - {x: 11.609489, y: 2.981672}
      - {x: 11.0702505, y: 3.2988713}
      - {x: 9.579414, y: 4.1553087}
      - {x: 8.596097, y: 4.7262673}
      - {x: 8.374058, y: 4.853147}
      - {x: 7.51762, y: 5.3289456}
      - {x: 7.51762, y: 6.375703}
      - {x: 7.4541802, y: 6.4391427}
      - {x: 7.3907404, y: 6.4391427}
      - {x: 7.136981, y: 6.2805433}
      - {x: 6.9466615, y: 6.5025826}
      - {x: 6.692902, y: 6.6611824}
      - {x: 6.470863, y: 6.788062}
      - {x: 6.090224, y: 7.0101013}
      - {x: 5.1069064, y: 7.58106}
      - {x: 4.504228, y: 7.929979}
      - {x: 3.457471, y: 8.532658}
      - {x: 3.2671514, y: 8.596097}
      - {x: 2.8865123, y: 8.405778}
      - {x: 2.4741535, y: 8.152019}
      - {x: 2.315554, y: 8.310617}
      - {x: 2.1569543, y: 8.437497}
      - {x: 1.6177157, y: 8.754697}
      - {x: 1.3639563, y: 8.913297}
      - {x: 1.3639563, y: 15.09868}
      - {x: 1.3322364, y: 15.19384}
      - {x: 1.1101971, y: 15.1304}
      - {x: 0.95159745, y: 15.257279}
      - {x: -0.5392386, y: 16.113718}
      - {x: -0.9833174, y: 16.367476}
      - {x: -1.3639563, y: 16.557796}
      - {x: -1.4273962, y: 16.557796}
      - {x: -2.4741535, y: 15.955117}
      - {x: -2.7596326, y: 15.764798}
      - {x: -3.013392, y: 15.701358}
      - {x: -3.3623111, y: 15.574478}
      - {x: -3.6160703, y: 15.479319}
      - {x: -3.8381097, y: 15.289}
      - {x: -4.123589, y: 15.09868}
      - {x: -4.2187486, y: 15.00352}
      - {x: -4.2187486, y: 13.956763}
      - {x: -4.2504687, y: 13.925043}
      - {x: -4.2821884, y: 13.417524}
      - {x: -4.2821884, y: 13.005165}
      - {x: -4.2504687, y: 12.973446}
      - {x: -4.2504687, y: 9.515975}
      - {x: -4.2187486, y: 9.484255}
      - {x: -4.2187486, y: 7.803099}
      - {x: -4.631108, y: 7.58106}
      - {x: -4.6628275, y: 7.6445}
      - {x: -6.5343027, y: 8.754697}
      - {x: -6.851502, y: 8.913297}
      - {x: -6.9466615, y: 8.913297}
      - {x: -7.105261, y: 8.6912565}
      - {x: -7.2638607, y: 8.627817}
      - {x: -9.515975, y: 7.3907404}
      - {x: -10.721332, y: 6.7246222}
      - {x: -11.16541, y: 6.2805433}
      - {x: -11.19713, y: 5.8047447}
      - {x: -11.19713, y: 4.472508}
      - {x: -11.22885, y: 4.4407883}
      - {x: -11.22885, y: 3.74295}
      - {x: -11.9901285, y: 3.3305912}
      - {x: -13.703004, y: 2.3472738}
      - {x: -15.1304, y: 1.522556}
      - {x: -15.733078, y: 1.1736369}
      - {x: -16.113718, y: 0.95159745}
      - {x: -16.557796, y: 0.6978381}
      - {x: -16.906715, y: 0.6978381}
      - {x: -17.065315, y: 0.9198775}
      - {x: -17.382513, y: 1.2370768}
      - {x: -17.667994, y: 1.3956763}
      - {x: -17.890032, y: 1.4591161}
      - {x: -18.39755, y: 1.4591161}
      - {x: -18.683031, y: 1.3956763}
      - {x: -19.12711, y: 1.0150373}
      - {x: -19.28571, y: 0.5709585}
      - {x: -19.28571, y: -0.06343983}
      - {x: -19.03195, y: -0.761278}
      - {x: -19.349148, y: -0.9198775}
      - {x: -19.793228, y: -1.1736369}
      - {x: -20.110426, y: -1.3005165}
      - {x: -20.427626, y: -1.1736369}
      - {x: -20.713104, y: -0.95159745}
      - {x: -20.871704, y: -0.8881576}
      - {x: -21.093744, y: -0.8247178}
      - {x: -21.410942, y: -0.761278}
      - {x: -22.108782, y: -0.761278}
      - {x: -22.48942, y: -0.9198775}
      - {x: -22.87006, y: -1.1101971}
      - {x: -23.218979, y: -1.3322364}
      - {x: -23.472738, y: -1.5542759}
      - {x: -24.519495, y: -2.601033}
      - {x: -24.551214, y: -2.6961927}
      - {x: -24.900133, y: -4.123589}
      - {x: -25.566252, y: -4.504228}
      - {x: -26.993649, y: -5.3289456}
      - {x: -27.913527, y: -5.8681846}
      - {x: -27.976965, y: -5.963344}
      - {x: -27.976965, y: -6.026784}
      - {x: -27.945246, y: -6.090224}
      - {x: -26.35925, y: -7.0101013}
      - {x: -23.885096, y: -8.437497}
      - {x: -23.441017, y: -8.6912565}
      - {x: -22.2991, y: -9.357375}
      - {x: -21.632982, y: -9.738014}
      - {x: -20.871704, y: -10.182093}
      - {x: -20.586226, y: -10.3406925}
      - {x: -19.824947, y: -10.784771}
      - {x: -18.39755, y: -11.609489}
      - {x: -18.016912, y: -11.831529}
      - {x: -16.970156, y: -12.434207}
      - {x: -16.462637, y: -12.7196865}
      - {x: -15.637918, y: -13.195485}
      - {x: -14.210522, y: -14.020203}
      - {x: -13.607843, y: -14.369122}
      - {x: -13.227204, y: -14.591161}
      - {x: -12.783126, y: -14.84492}
      - {x: -12.180448, y: -15.19384}
      - {x: -11.7998085, y: -15.415879}
      - {x: -10.975091, y: -15.891678}
      - {x: -10.531012, y: -16.145437}
      - {x: -9.991774, y: -16.462637}
      - {x: -9.103616, y: -16.970156}
      - {x: -8.722977, y: -17.192194}
      - {x: -8.056859, y: -17.572834}
      - {x: -6.6294622, y: -18.39755}
      - {x: -6.090224, y: -18.71475}
      - {x: -5.582705, y: -19.000229}
      - {x: -5.202066, y: -19.22227}
      - {x: -4.6628275, y: -19.507748}
      - {x: -4.4407883, y: -19.666348}
      - {x: -3.6160703, y: -20.142147}
      - {x: -2.7279127, y: -20.649666}
      - {x: -2.1886742, y: -20.935144}
      - {x: -1.9666348, y: -21.093744}
      - {x: -0.6978381, y: -21.823301}
      - {x: -0.380639, y: -21.981901}
      - {x: -0.25375932, y: -21.981901}
      - {x: 0.12687966, y: -21.791582}
      - {x: 0.50751865, y: -21.569542}
      - {x: 1.5542759, y: -20.966864}
--- !u!212 &1299907819
SpriteRenderer:
  m_ObjectHideFlags: 0
  m_PrefabParentObject: {fileID: 0}
  m_PrefabInternal: {fileID: 0}
  m_GameObject: {fileID: 1299907815}
  m_Enabled: 1
  m_CastShadows: 0
  m_ReceiveShadows: 0
  m_MotionVectors: 1
  m_LightProbeUsage: 0
  m_ReflectionProbeUsage: 0
  m_Materials:
  - {fileID: 10754, guid: 0000000000000000f000000000000000, type: 0}
  m_StaticBatchInfo:
    firstSubMesh: 0
    subMeshCount: 0
  m_StaticBatchRoot: {fileID: 0}
  m_ProbeAnchor: {fileID: 0}
  m_LightProbeVolumeOverride: {fileID: 0}
  m_ScaleInLightmap: 1
  m_PreserveUVs: 0
  m_IgnoreNormalsForChartDetection: 0
  m_ImportantGI: 0
  m_SelectedEditorRenderState: 0
  m_MinimumChartSize: 4
  m_AutoUVMaxDistance: 0.5
  m_AutoUVMaxAngle: 89
  m_LightmapParameters: {fileID: 0}
  m_SortingLayerID: 0
  m_SortingOrder: 0
  m_Sprite: {fileID: 21300000, guid: 6957e3513b369fc42a846790750662d3, type: 3}
  m_Color: {r: 0.15686275, g: 0.15686275, b: 0.15686275, a: 0}
  m_FlipX: 0
  m_FlipY: 0
--- !u!1 &1450883710
GameObject:
  m_ObjectHideFlags: 0
  m_PrefabParentObject: {fileID: 0}
  m_PrefabInternal: {fileID: 0}
  serializedVersion: 5
  m_Component:
  - component: {fileID: 1450883715}
  - component: {fileID: 1450883714}
  - component: {fileID: 1450883713}
  - component: {fileID: 1450883712}
  - component: {fileID: 1450883711}
  m_Layer: 0
  m_Name: Main Camera
  m_TagString: MainCamera
  m_Icon: {fileID: 0}
  m_NavMeshLayer: 0
  m_StaticEditorFlags: 0
  m_IsActive: 1
--- !u!81 &1450883711
AudioListener:
  m_ObjectHideFlags: 0
  m_PrefabParentObject: {fileID: 0}
  m_PrefabInternal: {fileID: 0}
  m_GameObject: {fileID: 1450883710}
  m_Enabled: 1
--- !u!124 &1450883712
Behaviour:
  m_ObjectHideFlags: 0
  m_PrefabParentObject: {fileID: 0}
  m_PrefabInternal: {fileID: 0}
  m_GameObject: {fileID: 1450883710}
  m_Enabled: 1
--- !u!92 &1450883713
Behaviour:
  m_ObjectHideFlags: 0
  m_PrefabParentObject: {fileID: 0}
  m_PrefabInternal: {fileID: 0}
  m_GameObject: {fileID: 1450883710}
  m_Enabled: 1
--- !u!20 &1450883714
Camera:
  m_ObjectHideFlags: 0
  m_PrefabParentObject: {fileID: 0}
  m_PrefabInternal: {fileID: 0}
  m_GameObject: {fileID: 1450883710}
  m_Enabled: 1
  serializedVersion: 2
  m_ClearFlags: 1
  m_BackGroundColor: {r: 0.19215687, g: 0.3019608, b: 0.4745098, a: 0}
  m_NormalizedViewPortRect:
    serializedVersion: 2
    x: 0
    y: 0
    width: 1
    height: 1
  near clip plane: 0.3
  far clip plane: 1000
  field of view: 60
  orthographic: 1
  orthographic size: 5
  m_Depth: -1
  m_CullingMask:
    serializedVersion: 2
    m_Bits: 4294967295
  m_RenderingPath: -1
  m_TargetTexture: {fileID: 0}
  m_TargetDisplay: 0
  m_TargetEye: 3
  m_HDR: 0
  m_OcclusionCulling: 1
  m_StereoConvergence: 10
  m_StereoSeparation: 0.022
  m_StereoMirrorMode: 0
--- !u!4 &1450883715
Transform:
  m_ObjectHideFlags: 0
  m_PrefabParentObject: {fileID: 0}
  m_PrefabInternal: {fileID: 0}
  m_GameObject: {fileID: 1450883710}
  m_LocalRotation: {x: 0, y: 0, z: 0, w: 1}
  m_LocalPosition: {x: -0.13, y: 0.52, z: -10}
  m_LocalScale: {x: 0.9772705, y: 0.9847961, z: 1}
  m_Children: []
  m_Father: {fileID: 0}
  m_RootOrder: 0
  m_LocalEulerAnglesHint: {x: 0, y: 0, z: 0}
--- !u!1 &1503924254
GameObject:
  m_ObjectHideFlags: 0
  m_PrefabParentObject: {fileID: 0}
  m_PrefabInternal: {fileID: 0}
  serializedVersion: 5
  m_Component:
  - component: {fileID: 1503924257}
  - component: {fileID: 1503924256}
  m_Layer: 0
  m_Name: 1_MjExNW1vZHU
  m_TagString: Untagged
  m_Icon: {fileID: 0}
  m_NavMeshLayer: 0
  m_StaticEditorFlags: 0
  m_IsActive: 1
--- !u!212 &1503924256
SpriteRenderer:
  m_ObjectHideFlags: 0
  m_PrefabParentObject: {fileID: 0}
  m_PrefabInternal: {fileID: 0}
  m_GameObject: {fileID: 1503924254}
  m_Enabled: 1
  m_CastShadows: 0
  m_ReceiveShadows: 0
  m_MotionVectors: 1
  m_LightProbeUsage: 0
  m_ReflectionProbeUsage: 0
  m_Materials:
  - {fileID: 10754, guid: 0000000000000000f000000000000000, type: 0}
  m_StaticBatchInfo:
    firstSubMesh: 0
    subMeshCount: 0
  m_StaticBatchRoot: {fileID: 0}
  m_ProbeAnchor: {fileID: 0}
  m_LightProbeVolumeOverride: {fileID: 0}
  m_ScaleInLightmap: 1
  m_PreserveUVs: 0
  m_IgnoreNormalsForChartDetection: 0
  m_ImportantGI: 0
  m_SelectedEditorRenderState: 0
  m_MinimumChartSize: 4
  m_AutoUVMaxDistance: 0.5
  m_AutoUVMaxAngle: 89
  m_LightmapParameters: {fileID: 0}
  m_SortingLayerID: 0
  m_SortingOrder: -5
  m_Sprite: {fileID: 21300000, guid: 0da16a4bb7a31c4419ad7191a6005f46, type: 3}
  m_Color: {r: 1, g: 1, b: 1, a: 1}
  m_FlipX: 0
  m_FlipY: 0
--- !u!4 &1503924257
Transform:
  m_ObjectHideFlags: 0
  m_PrefabParentObject: {fileID: 0}
  m_PrefabInternal: {fileID: 0}
  m_GameObject: {fileID: 1503924254}
  m_LocalRotation: {x: -0, y: -0, z: -0, w: 1}
  m_LocalPosition: {x: -55.37, y: 35.17, z: 0}
  m_LocalScale: {x: 1, y: 1, z: 1}
  m_Children: []
  m_Father: {fileID: 187603362}
  m_RootOrder: 3
  m_LocalEulerAnglesHint: {x: 0, y: 0, z: 0}
--- !u!1 &1781647326
GameObject:
  m_ObjectHideFlags: 0
  m_PrefabParentObject: {fileID: 0}
  m_PrefabInternal: {fileID: 0}
  serializedVersion: 5
  m_Component:
  - component: {fileID: 1781647327}
  - component: {fileID: 1781647330}
  - component: {fileID: 1781647329}
  - component: {fileID: 1781647328}
  m_Layer: 0
  m_Name: 2
  m_TagString: Untagged
  m_Icon: {fileID: 0}
  m_NavMeshLayer: 0
  m_StaticEditorFlags: 0
  m_IsActive: 1
--- !u!4 &1781647327
Transform:
  m_ObjectHideFlags: 0
  m_PrefabParentObject: {fileID: 0}
  m_PrefabInternal: {fileID: 0}
  m_GameObject: {fileID: 1781647326}
  m_LocalRotation: {x: -0, y: -0, z: -0, w: 1}
  m_LocalPosition: {x: 27.2, y: 12.54, z: 0}
  m_LocalScale: {x: 1, y: 1, z: 1}
  m_Children: []
  m_Father: {fileID: 474496230}
  m_RootOrder: 1
  m_LocalEulerAnglesHint: {x: 0, y: 0, z: 0}
--- !u!114 &1781647328
MonoBehaviour:
  m_ObjectHideFlags: 0
  m_PrefabParentObject: {fileID: 0}
  m_PrefabInternal: {fileID: 0}
  m_GameObject: {fileID: 1781647326}
  m_Enabled: 1
  m_EditorHideFlags: 0
  m_Script: {fileID: 11500000, guid: b8375e0cc1a8f0e4a84eaa2afe403db4, type: 3}
  m_Name: 
  m_EditorClassIdentifier: 
  _sprite: {fileID: 1781647330}
--- !u!60 &1781647329
PolygonCollider2D:
  m_ObjectHideFlags: 0
  m_PrefabParentObject: {fileID: 0}
  m_PrefabInternal: {fileID: 0}
  m_GameObject: {fileID: 1781647326}
  m_Enabled: 1
  m_Density: 1
  m_Material: {fileID: 0}
  m_IsTrigger: 0
  m_UsedByEffector: 0
  m_Offset: {x: 0, y: 0}
  m_Points:
    m_Paths:
    - - {x: 7.8348193, y: -14.147082}
      - {x: 8.215458, y: -13.925043}
      - {x: 8.818136, y: -13.576124}
      - {x: 11.29229, y: -12.148727}
      - {x: 12.7196865, y: -11.32401}
      - {x: 13.480964, y: -10.879931}
      - {x: 14.305682, y: -10.404132}
      - {x: 15.606198, y: -9.642855}
      - {x: 16.557796, y: -9.103616}
      - {x: 19.698067, y: -7.2955804}
      - {x: 21.125463, y: -6.470863}
      - {x: 22.108782, y: -5.8999043}
      - {x: 22.55286, y: -5.646145}
      - {x: 23.155539, y: -5.297226}
      - {x: 23.599617, y: -5.0434666}
      - {x: 24.138855, y: -4.7262673}
      - {x: 25.027014, y: -4.2187486}
      - {x: 27.215687, y: -2.9499521}
      - {x: 27.406008, y: -2.8230724}
      - {x: 27.406008, y: -2.7279127}
      - {x: 27.310848, y: -2.601033}
      - {x: 26.42269, y: -2.0935144}
      - {x: 25.439373, y: -1.522556}
      - {x: 24.995293, y: -1.2687967}
      - {x: 24.614655, y: -1.0467572}
      - {x: 23.726498, y: -0.5392386}
      - {x: 23.916817, y: -0.15859959}
      - {x: 23.885096, y: 0.5392386}
      - {x: 23.694777, y: 0.8881576}
      - {x: 23.282417, y: 1.2687967}
      - {x: 23.060379, y: 1.3956763}
      - {x: 22.87006, y: 1.4591161}
      - {x: 22.39426, y: 1.4591161}
      - {x: 22.39426, y: 5.582705}
      - {x: 22.33082, y: 5.677865}
      - {x: 22.108782, y: 5.582705}
      - {x: 22.013622, y: 5.7095847}
      - {x: 21.632982, y: 5.9316244}
      - {x: 20.586226, y: 6.5343027}
      - {x: 19.729788, y: 7.0101013}
      - {x: 19.602907, y: 7.0101013}
      - {x: 19.28571, y: 6.851502}
      - {x: 17.160475, y: 5.614425}
      - {x: 16.970156, y: 5.4875455}
      - {x: 16.779835, y: 5.265506}
      - {x: 16.716396, y: 4.6945477}
      - {x: 16.335756, y: 4.535948}
      - {x: 15.986837, y: 4.187029}
      - {x: 15.891678, y: 3.9649894}
      - {x: 15.384159, y: 4.2821884}
      - {x: 15.16212, y: 4.4407883}
      - {x: 15.16212, y: 5.582705}
      - {x: 15.225559, y: 5.646145}
      - {x: 15.225559, y: 5.741305}
      - {x: 15.16212, y: 5.8364644}
      - {x: 15.16212, y: 9.706294}
      - {x: 15.1304, y: 9.801454}
      - {x: 14.9083605, y: 9.738014}
      - {x: 14.749761, y: 9.864894}
      - {x: 14.210522, y: 10.182093}
      - {x: 13.163765, y: 10.784771}
      - {x: 12.624526, y: 11.133691}
      - {x: 12.402487, y: 11.19713}
      - {x: 12.021848, y: 10.943371}
      - {x: 11.387449, y: 10.943371}
      - {x: 11.387449, y: 18.90507}
      - {x: 11.32401, y: 18.96851}
      - {x: 11.26057, y: 18.96851}
      - {x: 10.943371, y: 18.77819}
      - {x: 10.753052, y: 19.03195}
      - {x: 9.674574, y: 19.666348}
      - {x: 8.627817, y: 20.269026}
      - {x: 8.025139, y: 20.649666}
      - {x: 7.8348193, y: 20.649666}
      - {x: 7.58106, y: 20.554504}
      - {x: 7.136981, y: 20.269026}
      - {x: 6.4391427, y: 19.856667}
      - {x: 5.8364644, y: 19.507748}
      - {x: 4.916587, y: 18.96851}
      - {x: 4.2187486, y: 18.55615}
      - {x: 3.8381097, y: 18.33411}
      - {x: 3.045112, y: 17.858313}
      - {x: 2.569313, y: 17.826593}
      - {x: 2.4107137, y: 17.541113}
      - {x: 2.4741535, y: 17.509394}
      - {x: 2.4741535, y: 16.177156}
      - {x: 2.3789937, y: 15.986837}
      - {x: 2.4107137, y: 15.701358}
      - {x: 2.4741535, y: 15.701358}
      - {x: 2.4424336, y: 14.9718}
      - {x: 2.1569543, y: 15.1304}
      - {x: 1.522556, y: 15.511039}
      - {x: 0.6978381, y: 15.891678}
      - {x: 0.25375932, y: 16.177156}
      - {x: -0.28547925, y: 16.399197}
      - {x: -0.85643774, y: 16.557796}
      - {x: -1.5859958, y: 16.526075}
      - {x: -1.7763152, y: 16.430916}
      - {x: -2.3472738, y: 16.177156}
      - {x: -2.7279127, y: 15.923398}
      - {x: -2.981672, y: 15.733078}
      - {x: -3.8381097, y: 14.87664}
      - {x: -4.0284295, y: 14.591161}
      - {x: -4.0284295, y: 14.147082}
      - {x: -4.3773484, y: 13.766443}
      - {x: -4.8214273, y: 13.988482}
      - {x: -5.297226, y: 14.083643}
      - {x: -5.8364644, y: 14.083643}
      - {x: -6.1536636, y: 14.051923}
      - {x: -6.851502, y: 13.703004}
      - {x: -7.136981, y: 13.512684}
      - {x: -7.35902, y: 13.322365}
      - {x: -8.025139, y: 12.687966}
      - {x: -8.310617, y: 12.402487}
      - {x: -8.500937, y: 12.117008}
      - {x: -8.500937, y: 11.45089}
      - {x: -8.469217, y: 11.419169}
      - {x: -8.469217, y: 8.532658}
      - {x: -8.849856, y: 8.342338}
      - {x: -10.055213, y: 7.6445}
      - {x: -13.734723, y: 5.519265}
      - {x: -14.400842, y: 5.1069064}
      - {x: -14.400842, y: 6.407423}
      - {x: -14.432562, y: 6.5025826}
      - {x: -14.781481, y: 6.375703}
      - {x: -14.9083605, y: 6.5660224}
      - {x: -15.479319, y: 6.914942}
      - {x: -16.081997, y: 7.3273005}
      - {x: -16.399197, y: 7.4859}
      - {x: -17.192194, y: 7.929979}
      - {x: -17.350794, y: 7.961699}
      - {x: -18.207232, y: 7.51762}
      - {x: -19.03195, y: 7.073541}
      - {x: -19.253988, y: 6.9466615}
      - {x: -19.666348, y: 6.7246222}
      - {x: -20.237307, y: 6.407423}
      - {x: -20.300747, y: 6.312263}
      - {x: -20.300747, y: 6.058504}
      - {x: -20.459345, y: 5.8681846}
      - {x: -20.491066, y: 5.3289456}
      - {x: -20.554504, y: 5.1703463}
      - {x: -20.586226, y: 4.853147}
      - {x: -20.681385, y: 4.7262673}
      - {x: -20.713104, y: 4.631108}
      - {x: -20.713104, y: 3.5843503}
      - {x: -20.364185, y: 3.2671514}
      - {x: -20.649666, y: 3.425751}
      - {x: -20.713104, y: 3.3305912}
      - {x: -20.713104, y: 2.283834}
      - {x: -20.649666, y: 2.2203941}
      - {x: -20.871704, y: 2.0300746}
      - {x: -21.157185, y: 2.0617945}
      - {x: -21.569542, y: 1.9031949}
      - {x: -22.07706, y: 1.871475}
      - {x: -22.4577, y: 2.0935144}
      - {x: -22.74318, y: 2.252114}
      - {x: -22.996939, y: 2.1886742}
      - {x: -23.567898, y: 1.839755}
      - {x: -23.980257, y: 1.6177157}
      - {x: -24.551214, y: 1.3005165}
      - {x: -24.773254, y: 1.1736369}
      - {x: -25.185614, y: 0.95159745}
      - {x: -25.820011, y: 0.6026784}
      - {x: -25.946892, y: 0.4440788}
      - {x: -25.946892, y: -3.6160703}
      - {x: -25.85173, y: -3.74295}
      - {x: -25.375933, y: -4.0284295}
      - {x: -24.963573, y: -4.2504687}
      - {x: -24.741533, y: -4.4407883}
      - {x: -24.678095, y: -4.4407883}
      - {x: -23.663057, y: -4.2187486}
      - {x: -22.2991, y: -5.011747}
      - {x: -20.491066, y: -6.058504}
      - {x: -20.269026, y: -6.248823}
      - {x: -20.046988, y: -6.343983}
      - {x: -19.793228, y: -6.1853833}
      - {x: -19.793228, y: -7.2638607}
      - {x: -19.761507, y: -7.3273005}
      - {x: -19.06367, y: -7.7396593}
      - {x: -18.302391, y: -8.183738}
      - {x: -17.636272, y: -8.564377}
      - {x: -17.033594, y: -8.913297}
      - {x: -15.891678, y: -9.579414}
      - {x: -14.622881, y: -10.308972}
      - {x: -13.734723, y: -10.816491}
      - {x: -12.973446, y: -11.26057}
      - {x: -12.307327, y: -11.641209}
      - {x: -11.958408, y: -11.831529}
      - {x: -11.101971, y: -11.32401}
      - {x: -10.721332, y: -11.101971}
      - {x: -9.833174, y: -10.594452}
      - {x: -9.230495, y: -10.562732}
      - {x: -8.945016, y: -10.499292}
      - {x: -8.754697, y: -10.531012}
      - {x: -7.929979, y: -11.546049}
      - {x: -7.6445, y: -11.863249}
      - {x: -7.7079396, y: -11.926688}
      - {x: -7.7396593, y: -12.212168}
      - {x: -7.7396593, y: -14.273962}
      - {x: -7.0418215, y: -14.686321}
      - {x: -6.1219435, y: -15.19384}
      - {x: -6.058504, y: -15.19384}
      - {x: -5.646145, y: -14.9718}
      - {x: -3.8381097, y: -13.925043}
      - {x: -2.981672, y: -13.798163}
      - {x: -2.601033, y: -13.734723}
      - {x: -2.3789937, y: -13.988482}
      - {x: -1.9983547, y: -14.464281}
      - {x: -1.522556, y: -15.06696}
      - {x: -1.522556, y: -15.986837}
      - {x: -1.5542759, y: -16.018557}
      - {x: -1.5542759, y: -17.794872}
      - {x: -1.4273962, y: -17.921753}
      - {x: -1.0467572, y: -18.143791}
      - {x: -0.15859959, y: -18.65131}
      - {x: 0.031719916, y: -18.65131}
      - {x: 0.4123589, y: -18.429272}
      - {x: 1.839755, y: -17.604553}
      - {x: 5.360666, y: -15.574478}
    - - {x: 10.689611, y: 11.672929}
      - {x: 10.753052, y: 10.975091}
      - {x: 10.689611, y: 10.911651}
--- !u!212 &1781647330
SpriteRenderer:
  m_ObjectHideFlags: 0
  m_PrefabParentObject: {fileID: 0}
  m_PrefabInternal: {fileID: 0}
  m_GameObject: {fileID: 1781647326}
  m_Enabled: 1
  m_CastShadows: 0
  m_ReceiveShadows: 0
  m_MotionVectors: 1
  m_LightProbeUsage: 0
  m_ReflectionProbeUsage: 0
  m_Materials:
  - {fileID: 10754, guid: 0000000000000000f000000000000000, type: 0}
  m_StaticBatchInfo:
    firstSubMesh: 0
    subMeshCount: 0
  m_StaticBatchRoot: {fileID: 0}
  m_ProbeAnchor: {fileID: 0}
  m_LightProbeVolumeOverride: {fileID: 0}
  m_ScaleInLightmap: 1
  m_PreserveUVs: 0
  m_IgnoreNormalsForChartDetection: 0
  m_ImportantGI: 0
  m_SelectedEditorRenderState: 0
  m_MinimumChartSize: 4
  m_AutoUVMaxDistance: 0.5
  m_AutoUVMaxAngle: 89
  m_LightmapParameters: {fileID: 0}
  m_SortingLayerID: 0
  m_SortingOrder: -1
  m_Sprite: {fileID: 21300000, guid: 1534e3e03382bf2488fff82c7667e1a7, type: 3}
  m_Color: {r: 0.15686275, g: 0.15686275, b: 0.15686275, a: 0}
  m_FlipX: 0
  m_FlipY: 0
--- !u!1 &1998383944
GameObject:
  m_ObjectHideFlags: 0
  m_PrefabParentObject: {fileID: 0}
  m_PrefabInternal: {fileID: 0}
  serializedVersion: 5
  m_Component:
  - component: {fileID: 1998383947}
  - component: {fileID: 1998383946}
  m_Layer: 0
  m_Name: 3_MjExN21vZHU
  m_TagString: Untagged
  m_Icon: {fileID: 0}
  m_NavMeshLayer: 0
  m_StaticEditorFlags: 0
  m_IsActive: 1
--- !u!212 &1998383946
SpriteRenderer:
  m_ObjectHideFlags: 0
  m_PrefabParentObject: {fileID: 0}
  m_PrefabInternal: {fileID: 0}
  m_GameObject: {fileID: 1998383944}
  m_Enabled: 1
  m_CastShadows: 0
  m_ReceiveShadows: 0
  m_MotionVectors: 1
  m_LightProbeUsage: 0
  m_ReflectionProbeUsage: 0
  m_Materials:
  - {fileID: 10754, guid: 0000000000000000f000000000000000, type: 0}
  m_StaticBatchInfo:
    firstSubMesh: 0
    subMeshCount: 0
  m_StaticBatchRoot: {fileID: 0}
  m_ProbeAnchor: {fileID: 0}
  m_LightProbeVolumeOverride: {fileID: 0}
  m_ScaleInLightmap: 1
  m_PreserveUVs: 0
  m_IgnoreNormalsForChartDetection: 0
  m_ImportantGI: 0
  m_SelectedEditorRenderState: 0
  m_MinimumChartSize: 4
  m_AutoUVMaxDistance: 0.5
  m_AutoUVMaxAngle: 89
  m_LightmapParameters: {fileID: 0}
  m_SortingLayerID: 0
  m_SortingOrder: -5
  m_Sprite: {fileID: 21300000, guid: f8032d547a4118b478decadbd17b5dfd, type: 3}
  m_Color: {r: 1, g: 1, b: 1, a: 1}
  m_FlipX: 0
  m_FlipY: 0
--- !u!4 &1998383947
Transform:
  m_ObjectHideFlags: 0
  m_PrefabParentObject: {fileID: 0}
  m_PrefabInternal: {fileID: 0}
  m_GameObject: {fileID: 1998383944}
  m_LocalRotation: {x: -0, y: -0, z: -0, w: 1}
  m_LocalPosition: {x: 26.08, y: 16.36, z: 0}
  m_LocalScale: {x: 1, y: 1, z: 1}
  m_Children: []
  m_Father: {fileID: 187603362}
  m_RootOrder: 2
  m_LocalEulerAnglesHint: {x: 0, y: 0, z: 0}
--- !u!1 &2107588307
GameObject:
  m_ObjectHideFlags: 0
  m_PrefabParentObject: {fileID: 0}
  m_PrefabInternal: {fileID: 0}
  serializedVersion: 5
  m_Component:
  - component: {fileID: 2107588308}
  - component: {fileID: 2107588311}
  - component: {fileID: 2107588310}
  - component: {fileID: 2107588309}
  m_Layer: 0
  m_Name: 1 (1)
  m_TagString: Untagged
  m_Icon: {fileID: 0}
  m_NavMeshLayer: 0
  m_StaticEditorFlags: 0
  m_IsActive: 1
--- !u!4 &2107588308
Transform:
  m_ObjectHideFlags: 0
  m_PrefabParentObject: {fileID: 0}
  m_PrefabInternal: {fileID: 0}
  m_GameObject: {fileID: 2107588307}
  m_LocalRotation: {x: -0, y: -0, z: -0, w: 1}
  m_LocalPosition: {x: -29.2, y: 11.61, z: 0}
  m_LocalScale: {x: 1, y: 1, z: 1}
  m_Children: []
  m_Father: {fileID: 474496230}
  m_RootOrder: 0
  m_LocalEulerAnglesHint: {x: 0, y: 0, z: 0}
--- !u!114 &2107588309
MonoBehaviour:
  m_ObjectHideFlags: 0
  m_PrefabParentObject: {fileID: 0}
  m_PrefabInternal: {fileID: 0}
  m_GameObject: {fileID: 2107588307}
  m_Enabled: 1
  m_EditorHideFlags: 0
  m_Script: {fileID: 11500000, guid: b8375e0cc1a8f0e4a84eaa2afe403db4, type: 3}
  m_Name: 
  m_EditorClassIdentifier: 
  _sprite: {fileID: 2107588311}
--- !u!60 &2107588310
PolygonCollider2D:
  m_ObjectHideFlags: 0
  m_PrefabParentObject: {fileID: 0}
  m_PrefabInternal: {fileID: 0}
  m_GameObject: {fileID: 2107588307}
  m_Enabled: 1
  m_Density: 1
  m_Material: {fileID: 0}
  m_IsTrigger: 0
  m_UsedByEffector: 0
  m_Offset: {x: 0, y: 0}
  m_Points:
    m_Paths:
    - - {x: 4.567668, y: -15.764798}
      - {x: 4.7262673, y: -15.606198}
      - {x: 4.7579875, y: -14.813201}
      - {x: 4.7579875, y: -14.337401}
      - {x: 5.8681846, y: -13.227204}
      - {x: 5.8999043, y: -13.227204}
      - {x: 6.4391427, y: -12.878285}
      - {x: 7.200421, y: -12.592807}
      - {x: 7.7079396, y: -12.592807}
      - {x: 8.437497, y: -12.751406}
      - {x: 8.596097, y: -12.941726}
      - {x: 9.071896, y: -13.100326}
      - {x: 9.230495, y: -13.132045}
      - {x: 9.738014, y: -12.846566}
      - {x: 10.308972, y: -12.5293665}
      - {x: 10.435852, y: -12.402487}
      - {x: 10.435852, y: -12.370767}
      - {x: 10.245533, y: -12.180448}
      - {x: 10.055213, y: -11.736369}
      - {x: 10.023494, y: -11.26057}
      - {x: 10.182093, y: -10.753052}
      - {x: 10.689611, y: -10.372413}
      - {x: 11.22885, y: -10.3406925}
      - {x: 11.609489, y: -10.435852}
      - {x: 11.9901285, y: -10.816491}
      - {x: 12.180448, y: -11.22885}
      - {x: 12.275607, y: -11.29229}
      - {x: 12.370767, y: -11.29229}
      - {x: 13.068605, y: -10.911651}
      - {x: 13.671284, y: -10.562732}
      - {x: 14.71804, y: -9.960053}
      - {x: 15.16212, y: -9.706294}
      - {x: 17.858313, y: -8.152019}
      - {x: 18.048632, y: -8.025139}
      - {x: 18.080353, y: -7.898259}
      - {x: 18.112072, y: -5.3923855}
      - {x: 18.58787, y: -5.0434666}
      - {x: 19.793228, y: -4.3773484}
      - {x: 20.364185, y: -4.060149}
      - {x: 21.569542, y: -3.394031}
      - {x: 22.140501, y: -3.0768318}
      - {x: 22.42598, y: -2.981672}
      - {x: 22.58458, y: -3.0768318}
      - {x: 23.599617, y: -3.67951}
      - {x: 24.487774, y: -4.187029}
      - {x: 24.614655, y: -4.187029}
      - {x: 24.931854, y: -4.0284295}
      - {x: 25.090454, y: -3.8698297}
      - {x: 25.090454, y: 0.5392386}
      - {x: 25.058733, y: 0.6661182}
      - {x: 24.741533, y: 0.6026784}
      - {x: 23.980257, y: 0.9833174}
      - {x: 22.933498, y: 1.5542759}
      - {x: 23.345858, y: 2.2203941}
      - {x: 23.599617, y: 2.3789937}
      - {x: 23.980257, y: 2.7596326}
      - {x: 24.170576, y: 3.1719916}
      - {x: 24.265736, y: 3.457471}
      - {x: 24.234016, y: 3.9649894}
      - {x: 24.107136, y: 4.3456283}
      - {x: 23.916817, y: 4.631108}
      - {x: 23.441017, y: 5.0751867}
      - {x: 23.028658, y: 5.265506}
      - {x: 22.39426, y: 5.265506}
      - {x: 22.108782, y: 5.233786}
      - {x: 21.696423, y: 4.9800267}
      - {x: 21.379223, y: 4.631108}
      - {x: 21.093744, y: 4.789707}
      - {x: 20.427626, y: 5.202066}
      - {x: 20.586226, y: 5.519265}
      - {x: 20.554504, y: 6.248823}
      - {x: 20.522785, y: 6.407423}
      - {x: 20.459345, y: 6.5660224}
      - {x: 20.364185, y: 6.788062}
      - {x: 20.205585, y: 7.0101013}
      - {x: 19.856667, y: 7.35902}
      - {x: 19.28571, y: 7.54934}
      - {x: 18.683031, y: 7.54934}
      - {x: 18.365831, y: 7.4541802}
      - {x: 18.016912, y: 7.2321405}
      - {x: 17.636272, y: 6.851502}
      - {x: 17.572834, y: 6.6611824}
      - {x: 17.509394, y: 6.5025826}
      - {x: 17.414234, y: 6.2805433}
      - {x: 17.097034, y: 6.1219435}
      - {x: 16.050278, y: 5.519265}
      - {x: 15.955117, y: 5.582705}
      - {x: 15.955117, y: 6.788062}
      - {x: 16.145437, y: 6.8832216}
      - {x: 16.526075, y: 7.2638607}
      - {x: 16.684675, y: 7.7396593}
      - {x: 16.748116, y: 7.898259}
      - {x: 16.716396, y: 8.437497}
      - {x: 16.621235, y: 8.754697}
      - {x: 16.430916, y: 9.103616}
      - {x: 15.859958, y: 9.611135}
      - {x: 15.384159, y: 9.738014}
      - {x: 14.84492, y: 9.738014}
      - {x: 14.527721, y: 9.642855}
      - {x: 14.337401, y: 9.547694}
      - {x: 13.766443, y: 9.167055}
      - {x: 12.941726, y: 9.611135}
      - {x: 12.624526, y: 9.864894}
      - {x: 12.687966, y: 10.055213}
      - {x: 12.687966, y: 10.848211}
      - {x: 12.624526, y: 11.03853}
      - {x: 12.402487, y: 11.514329}
      - {x: 11.9901285, y: 11.894968}
      - {x: 11.641209, y: 12.021848}
      - {x: 11.419169, y: 12.085288}
      - {x: 10.721332, y: 12.085288}
      - {x: 10.3406925, y: 11.894968}
      - {x: 10.118653, y: 11.736369}
      - {x: 9.833174, y: 11.419169}
      - {x: 9.611135, y: 11.48261}
      - {x: 9.167055, y: 11.736369}
      - {x: 8.6912565, y: 11.9901285}
      - {x: 8.754697, y: 12.212168}
      - {x: 8.754697, y: 12.656246}
      - {x: 8.659537, y: 13.036885}
      - {x: 8.405778, y: 13.576124}
      - {x: 8.056859, y: 13.861603}
      - {x: 7.58106, y: 14.083643}
      - {x: 6.819782, y: 14.083643}
      - {x: 6.5343027, y: 14.020203}
      - {x: 6.2171035, y: 13.829884}
      - {x: 5.741305, y: 13.2589245}
      - {x: 5.265506, y: 13.005165}
      - {x: 4.2821884, y: 12.434207}
      - {x: 4.091869, y: 12.434207}
      - {x: 4.091869, y: 13.988482}
      - {x: 4.187029, y: 14.083643}
      - {x: 4.3139086, y: 14.242242}
      - {x: 4.472508, y: 14.71804}
      - {x: 4.472508, y: 15.415879}
      - {x: 4.2821884, y: 15.891678}
      - {x: 4.1553087, y: 16.018557}
      - {x: 3.6160703, y: 16.526075}
      - {x: 3.2354314, y: 16.652956}
      - {x: 2.569313, y: 16.652956}
      - {x: 2.252114, y: 16.526075}
      - {x: 1.9349148, y: 16.335756}
      - {x: 1.6177157, y: 16.018557}
      - {x: 0.5709585, y: 16.621235}
      - {x: 0.25375932, y: 16.779835}
      - {x: 0.12687966, y: 16.779835}
      - {x: -0.28547925, y: 16.557796}
      - {x: -0.72955805, y: 16.304037}
      - {x: -2.252114, y: 15.415879}
      - {x: -2.9182322, y: 15.03524}
      - {x: -3.5209107, y: 14.686321}
      - {x: -3.6160703, y: 14.559442}
      - {x: -3.6477902, y: 14.400842}
      - {x: -3.6160703, y: 14.369122}
      - {x: -3.6160703, y: 11.419169}
      - {x: -3.8381097, y: 11.32401}
      - {x: -4.884867, y: 10.721332}
      - {x: -5.646145, y: 10.277252}
      - {x: -5.8364644, y: 10.213813}
      - {x: -6.2171035, y: 10.594452}
      - {x: -6.375703, y: 10.689611}
      - {x: -6.7246222, y: 10.848211}
      - {x: -7.35902, y: 10.848211}
      - {x: -7.7079396, y: 10.784771}
      - {x: -8.056859, y: 10.562732}
      - {x: -8.374058, y: 10.213813}
      - {x: -8.500937, y: 10.055213}
      - {x: -8.627817, y: 9.801454}
      - {x: -8.659537, y: 9.611135}
      - {x: -8.659537, y: 8.945016}
      - {x: -8.627817, y: 8.754697}
      - {x: -9.071896, y: 8.374058}
      - {x: -9.325655, y: 8.152019}
      - {x: -10.277252, y: 7.6127796}
      - {x: -11.641209, y: 6.819782}
      - {x: -12.148727, y: 7.1687007}
      - {x: -12.434207, y: 7.3273005}
      - {x: -12.687966, y: 7.35902}
      - {x: -13.227204, y: 7.35902}
      - {x: -13.4492445, y: 7.2955804}
      - {x: -13.798163, y: 7.136981}
      - {x: -14.051923, y: 6.914942}
      - {x: -14.813201, y: 7.35902}
      - {x: -15.511039, y: 7.7396593}
      - {x: -15.637918, y: 7.7713795}
      - {x: -16.716396, y: 7.1687007}
      - {x: -19.253988, y: 5.7095847}
      - {x: -19.412588, y: 5.5509853}
      - {x: -19.412588, y: 2.283834}
      - {x: -19.602907, y: 2.2203941}
      - {x: -20.046988, y: 1.9666348}
      - {x: -20.871704, y: 1.522556}
      - {x: -21.220623, y: 1.3005165}
      - {x: -21.728142, y: 1.7445954}
      - {x: -22.17222, y: 1.9031949}
      - {x: -22.933498, y: 1.871475}
      - {x: -23.377577, y: 1.6177157}
      - {x: -23.853376, y: 1.1101971}
      - {x: -24.043695, y: 0.6978381}
      - {x: -24.043695, y: 0.09515975}
      - {x: -23.980257, y: -0.2220394}
      - {x: -24.170576, y: -0.34891906}
      - {x: -24.456055, y: -0.6026784}
      - {x: -24.931854, y: -0.85643774}
      - {x: -26.042051, y: -1.490836}
      - {x: -26.32753, y: -1.6811556}
      - {x: -26.32753, y: -1.8080351}
      - {x: -26.042051, y: -1.9983547}
      - {x: -24.836695, y: -2.6961927}
      - {x: -24.424335, y: -2.9182322}
      - {x: -23.028658, y: -3.74295}
      - {x: -22.2991, y: -4.1553087}
      - {x: -21.093744, y: -4.853147}
      - {x: -20.269026, y: -5.3289456}
      - {x: -19.729788, y: -5.646145}
      - {x: -17.794872, y: -6.756342}
      - {x: -17.033594, y: -7.200421}
      - {x: -16.208878, y: -7.6762195}
      - {x: -14.781481, y: -8.500937}
      - {x: -13.290645, y: -9.357375}
      - {x: -12.7196865, y: -9.674574}
      - {x: -12.243887, y: -9.960053}
      - {x: -10.975091, y: -10.689611}
      - {x: -10.055213, y: -11.22885}
      - {x: -8.025139, y: -12.402487}
      - {x: -7.51762, y: -12.687966}
      - {x: -6.756342, y: -13.132045}
      - {x: -5.9316244, y: -13.607843}
      - {x: -3.013392, y: -15.289}
      - {x: -2.4424336, y: -15.606198}
      - {x: -2.0300746, y: -15.859958}
      - {x: 0.2220394, y: -17.160475}
      - {x: 0.8881576, y: -17.541113}
      - {x: 1.141917, y: -17.699713}
      - {x: 1.3005165, y: -17.699713}
      - {x: 1.4591161, y: -17.636272}
      - {x: 1.839755, y: -17.382513}
      - {x: 2.8547924, y: -16.779835}
--- !u!212 &2107588311
SpriteRenderer:
  m_ObjectHideFlags: 0
  m_PrefabParentObject: {fileID: 0}
  m_PrefabInternal: {fileID: 0}
  m_GameObject: {fileID: 2107588307}
  m_Enabled: 1
  m_CastShadows: 0
  m_ReceiveShadows: 0
  m_MotionVectors: 1
  m_LightProbeUsage: 0
  m_ReflectionProbeUsage: 0
  m_Materials:
  - {fileID: 10754, guid: 0000000000000000f000000000000000, type: 0}
  m_StaticBatchInfo:
    firstSubMesh: 0
    subMeshCount: 0
  m_StaticBatchRoot: {fileID: 0}
  m_ProbeAnchor: {fileID: 0}
  m_LightProbeVolumeOverride: {fileID: 0}
  m_ScaleInLightmap: 1
  m_PreserveUVs: 0
  m_IgnoreNormalsForChartDetection: 0
  m_ImportantGI: 0
  m_SelectedEditorRenderState: 0
  m_MinimumChartSize: 4
  m_AutoUVMaxDistance: 0.5
  m_AutoUVMaxAngle: 89
  m_LightmapParameters: {fileID: 0}
  m_SortingLayerID: 0
  m_SortingOrder: -3
  m_Sprite: {fileID: 21300000, guid: c1b1ae3166450eb4582ee413f0ca5c55, type: 3}
  m_Color: {r: 0.15686275, g: 0.15686275, b: 0.15686275, a: 0}
  m_FlipX: 0
  m_FlipY: 0
--- !u!1 &2135209132
GameObject:
  m_ObjectHideFlags: 0
  m_PrefabParentObject: {fileID: 0}
  m_PrefabInternal: {fileID: 0}
  serializedVersion: 5
  m_Component:
  - component: {fileID: 2135209135}
  - component: {fileID: 2135209134}
  m_Layer: 0
  m_Name: 1451_MjAyN21vZHU
  m_TagString: Untagged
  m_Icon: {fileID: 0}
  m_NavMeshLayer: 0
  m_StaticEditorFlags: 0
  m_IsActive: 1
--- !u!212 &2135209134
SpriteRenderer:
  m_ObjectHideFlags: 0
  m_PrefabParentObject: {fileID: 0}
  m_PrefabInternal: {fileID: 0}
  m_GameObject: {fileID: 2135209132}
  m_Enabled: 1
  m_CastShadows: 0
  m_ReceiveShadows: 0
  m_MotionVectors: 1
  m_LightProbeUsage: 0
  m_ReflectionProbeUsage: 0
  m_Materials:
  - {fileID: 10754, guid: 0000000000000000f000000000000000, type: 0}
  m_StaticBatchInfo:
    firstSubMesh: 0
    subMeshCount: 0
  m_StaticBatchRoot: {fileID: 0}
  m_ProbeAnchor: {fileID: 0}
  m_LightProbeVolumeOverride: {fileID: 0}
  m_ScaleInLightmap: 1
  m_PreserveUVs: 0
  m_IgnoreNormalsForChartDetection: 0
  m_ImportantGI: 0
  m_SelectedEditorRenderState: 0
  m_MinimumChartSize: 4
  m_AutoUVMaxDistance: 0.5
  m_AutoUVMaxAngle: 89
  m_LightmapParameters: {fileID: 0}
  m_SortingLayerID: 0
  m_SortingOrder: -5
  m_Sprite: {fileID: 21300000, guid: 6ffaf15a6455f0a48955ea5750ffc61c, type: 3}
  m_Color: {r: 1, g: 1, b: 1, a: 1}
  m_FlipX: 0
  m_FlipY: 0
--- !u!4 &2135209135
Transform:
  m_ObjectHideFlags: 0
  m_PrefabParentObject: {fileID: 0}
  m_PrefabInternal: {fileID: 0}
  m_GameObject: {fileID: 2135209132}
  m_LocalRotation: {x: -0, y: -0, z: -0, w: 1}
  m_LocalPosition: {x: -0.42, y: 30.47, z: 0}
  m_LocalScale: {x: 1.21, y: 1.21, z: 1}
  m_Children: []
  m_Father: {fileID: 187603362}
  m_RootOrder: 1
  m_LocalEulerAnglesHint: {x: 0, y: 0, z: 0}
